{
    "symbol": "IBM",
    "annualReports": [
        {
            "fiscalDateEnding": "2024-12-31",
            "reportedCurrency": "USD",
            "grossProfit": "35551000000",
            "totalRevenue": "62753000000",
            "costOfRevenue": "27201000000",
            "costofGoodsAndServicesSold": "27201000000",
            "operatingIncome": "10074000000",
            "sellingGeneralAndAdministrative": "16737000000",
            "researchAndDevelopment": "7479000000",
            "operatingExpenses": "25478000000",
            "investmentIncomeNet": "None",
            "netInterestIncome": "-965000000",
            "interestIncome": "747000000",
            "interestExpense": "1712000000",
            "nonInterestIncome": "None",
            "otherNonOperatingIncome": "None",
            "depreciation": "None",
            "depreciationAndAmortization": "4667000000",
            "incomeBeforeTax": "5797000000",
            "incomeTaxExpense": "-218000000",
            "interestAndDebtExpense": "None",
            "netIncomeFromContinuingOperations": "6015000000",
            "comprehensiveIncomeNetOfTax": "None",
            "ebit": "7509000000",
            "ebitda": "12176000000",
            "netIncome": "6023000000"
        },
        {
            "fiscalDateEnding": "2023-12-31",
            "reportedCurrency": "USD",
            "grossProfit": "34300000000",
            "totalRevenue": "61860000000",
            "costOfRevenue": "27560000000",
            "costofGoodsAndServicesSold": "27560000000",
            "operatingIncome": "7514000000",
            "sellingGeneralAndAdministrative": "17952000000",
            "researchAndDevelopment": "6631000000",
            "operatingExpenses": "26786000000",
            "investmentIncomeNet": "None",
            "netInterestIncome": "-924000000",
            "interestIncome": "591000000",
            "interestExpense": "1607000000",
            "nonInterestIncome": "None",
            "otherNonOperatingIncome": "None",
            "depreciation": "None",
            "depreciationAndAmortization": "4395000000",
            "incomeBeforeTax": "8690000000",
            "incomeTaxExpense": "1176000000",
            "interestAndDebtExpense": "None",
            "netIncomeFromContinuingOperations": "7099000000",
            "comprehensiveIncomeNetOfTax": "None",
            "ebit": "7514000000",
            "ebitda": "7514000000",
            "netIncome": "7502000000"
        },
        {
            "fiscalDateEnding": "2022-12-31",
            "reportedCurrency": "USD",
            "grossProfit": "32687000000",
            "totalRevenue": "60530000000",
            "costOfRevenue": "27842000000",
            "costofGoodsAndServicesSold": "27842000000",
            "operatingIncome": "8174000000",
            "sellingGeneralAndAdministrative": "16103000000",
            "researchAndDevelopment": "6567000000",
            "operatingExpenses": "24514000000",
            "investmentIncomeNet": "None",
            "netInterestIncome": "-1216000000",
            "interestIncome": "162000000",
            "interestExpense": "1216000000",
            "nonInterestIncome": "None",
            "otherNonOperatingIncome": "None",
            "depreciation": "None",
            "depreciationAndAmortization": "4802000000",
            "incomeBeforeTax": "1156000000",
            "incomeTaxExpense": "-626000000",
            "interestAndDebtExpense": "None",
            "netIncomeFromContinuingOperations": "1782000000",
            "comprehensiveIncomeNetOfTax": "None",
            "ebit": "2372000000",
            "ebitda": "7174000000",
            "netIncome": "1640000000"
        },
        {
            "fiscalDateEnding": "2021-12-31",
            "reportedCurrency": "USD",
            "grossProfit": "31486000000",
            "totalRevenue": "57351000000",
            "costOfRevenue": "25865000000",
            "costofGoodsAndServicesSold": "25865000000",
            "operatingIncome": "6832000000",
            "sellingGeneralAndAdministrative": "17699000000",
            "researchAndDevelopment": "6488000000",
            "operatingExpenses": "24654000000",
            "investmentIncomeNet": "None",
            "netInterestIncome": "-1103000000",
            "interestIncome": "52000000",
            "interestExpense": "1155000000",
            "nonInterestIncome": "None",
            "otherNonOperatingIncome": "-873000000",
            "depreciation": "None",
            "depreciationAndAmortization": "6417000000",
            "incomeBeforeTax": "4837000000",
            "incomeTaxExpense": "124000000",
            "interestAndDebtExpense": "None",
            "netIncomeFromContinuingOperations": "4712000000",
            "comprehensiveIncomeNetOfTax": "None",
            "ebit": "7021000000",
            "ebitda": "13438000000",
            "netIncome": "5742000000"
        },
        {
            "fiscalDateEnding": "2020-12-31",
            "reportedCurrency": "USD",
            "grossProfit": "35575000000",
            "totalRevenue": "73621000000",
            "costOfRevenue": "38046000000",
            "costofGoodsAndServicesSold": "38046000000",
            "operatingIncome": "6895000000",
            "sellingGeneralAndAdministrative": "20308000000",
            "researchAndDevelopment": "6333000000",
            "operatingExpenses": "28680000000",
            "investmentIncomeNet": "None",
            "netInterestIncome": "-1183000000",
            "interestIncome": "105000000",
            "interestExpense": "1288000000",
            "nonInterestIncome": "None",
            "otherNonOperatingIncome": "-861000000",
            "depreciation": "None",
            "depreciationAndAmortization": "6695000000",
            "incomeBeforeTax": "4637000000",
            "incomeTaxExpense": "-864000000",
            "interestAndDebtExpense": "None",
            "netIncomeFromContinuingOperations": "5501000000",
            "comprehensiveIncomeNetOfTax": "None",
            "ebit": "6014000000",
            "ebitda": "12709000000",
            "netIncome": "5590000000"
        },
        {
            "fiscalDateEnding": "2019-12-31",
            "reportedCurrency": "USD",
            "grossProfit": "31533000000",
            "totalRevenue": "57714000000",
            "costOfRevenue": "26181000000",
            "costofGoodsAndServicesSold": "26181000000",
            "operatingIncome": "7538000000",
            "sellingGeneralAndAdministrative": "17215000000",
            "researchAndDevelopment": "5910000000",
            "operatingExpenses": "23995000000",
            "investmentIncomeNet": "None",
            "netInterestIncome": "-995000000",
            "interestIncome": "349000000",
            "interestExpense": "1022000000",
            "nonInterestIncome": "None",
            "otherNonOperatingIncome": "968000000",
            "depreciation": "None",
            "depreciationAndAmortization": "6059000000",
            "incomeBeforeTax": "7206000000",
            "incomeTaxExpense": "60000000",
            "interestAndDebtExpense": "None",
            "netIncomeFromContinuingOperations": "9435000000",
            "comprehensiveIncomeNetOfTax": "None",
            "ebit": "8550000000",
            "ebitda": "14609000000",
            "netIncome": "9431000000"
        },
        {
            "fiscalDateEnding": "2018-12-31",
            "reportedCurrency": "USD",
            "grossProfit": "36936000000",
            "totalRevenue": "79591000000",
            "costOfRevenue": "42655000000",
            "costofGoodsAndServicesSold": "42655000000",
            "operatingIncome": "13217000000",
            "sellingGeneralAndAdministrative": "17900000000",
            "researchAndDevelopment": "5379000000",
            "operatingExpenses": "23719000000",
            "investmentIncomeNet": "None",
            "netInterestIncome": "-459000000",
            "interestIncome": "264000000",
            "interestExpense": "686000000",
            "nonInterestIncome": "None",
            "otherNonOperatingIncome": "-1152000000",
            "depreciation": "None",
            "depreciationAndAmortization": "4480000000",
            "incomeBeforeTax": "11342000000",
            "incomeTaxExpense": "2619000000",
            "interestAndDebtExpense": "None",
            "netIncomeFromContinuingOperations": "8723000000",
            "comprehensiveIncomeNetOfTax": "None",
            "ebit": "12065000000",
            "ebitda": "16545000000",
            "netIncome": "8728000000"
        },
        {
            "fiscalDateEnding": "2017-12-31",
            "reportedCurrency": "USD",
            "grossProfit": "36943000000",
            "totalRevenue": "79139000000",
            "costOfRevenue": "42196000000",
            "costofGoodsAndServicesSold": "42196000000",
            "operatingIncome": "13139000000",
            "sellingGeneralAndAdministrative": "17911000000",
            "researchAndDevelopment": "5590000000",
            "operatingExpenses": "23804000000",
            "investmentIncomeNet": "None",
            "netInterestIncome": "-471000000",
            "interestIncome": "144000000",
            "interestExpense": "663000000",
            "nonInterestIncome": "None",
            "otherNonOperatingIncome": "216000000",
            "depreciation": "None",
            "depreciationAndAmortization": "4541000000",
            "incomeBeforeTax": "11400000000",
            "incomeTaxExpense": "5642000000",
            "interestAndDebtExpense": "None",
            "netIncomeFromContinuingOperations": "5758000000",
            "comprehensiveIncomeNetOfTax": "None",
            "ebit": "12015000000",
            "ebitda": "16556000000",
            "netIncome": "5753000000"
        },
        {
            "fiscalDateEnding": "2016-12-31",
            "reportedCurrency": "USD",
            "grossProfit": "38516000000",
            "totalRevenue": "79920000000",
            "costOfRevenue": "41403000000",
            "costofGoodsAndServicesSold": "41403000000",
            "operatingIncome": "14677000000",
            "sellingGeneralAndAdministrative": "18952000000",
            "researchAndDevelopment": "5726000000",
            "operatingExpenses": "24878000000",
            "investmentIncomeNet": "None",
            "netInterestIncome": "-522000000",
            "interestIncome": "108000000",
            "interestExpense": "630000000",
            "nonInterestIncome": "None",
            "otherNonOperatingIncome": "-145000000",
            "depreciation": "None",
            "depreciationAndAmortization": "4381000000",
            "incomeBeforeTax": "12330000000",
            "incomeTaxExpense": "449000000",
            "interestAndDebtExpense": "None",
            "netIncomeFromContinuingOperations": "11881000000",
            "comprehensiveIncomeNetOfTax": "None",
            "ebit": "12960000000",
            "ebitda": "17341000000",
            "netIncome": "11872000000"
        },
        {
            "fiscalDateEnding": "2015-12-31",
            "reportedCurrency": "USD",
            "grossProfit": "40684000000",
            "totalRevenue": "81742000000",
            "costOfRevenue": "41057000000",
            "costofGoodsAndServicesSold": "41057000000",
            "operatingIncome": "16508000000",
            "sellingGeneralAndAdministrative": "18604000000",
            "researchAndDevelopment": "5247000000",
            "operatingExpenses": "24764000000",
            "investmentIncomeNet": "None",
            "netInterestIncome": "None",
            "interestIncome": "None",
            "interestExpense": "468000000",
            "nonInterestIncome": "None",
            "otherNonOperatingIncome": "724000000",
            "depreciation": "None",
            "depreciationAndAmortization": "3855000000",
            "incomeBeforeTax": "15945000000",
            "incomeTaxExpense": "2581000000",
            "interestAndDebtExpense": "None",
            "netIncomeFromContinuingOperations": "13364000000",
            "comprehensiveIncomeNetOfTax": "None",
            "ebit": "16413000000",
            "ebitda": "20268000000",
            "netIncome": "13190000000"
        },
        {
            "fiscalDateEnding": "2014-12-31",
            "reportedCurrency": "USD",
            "grossProfit": "46407000000",
            "totalRevenue": "92793000000",
            "costOfRevenue": "46386000000",
            "costofGoodsAndServicesSold": "46386000000",
            "operatingIncome": "20338000000",
            "sellingGeneralAndAdministrative": "21165000000",
            "researchAndDevelopment": "5437000000",
            "operatingExpenses": "27541000000",
            "investmentIncomeNet": "None",
            "netInterestIncome": "None",
            "interestIncome": "None",
            "interestExpense": "484000000",
            "nonInterestIncome": "None",
            "otherNonOperatingIncome": "1938000000",
            "depreciation": "None",
            "depreciationAndAmortization": "4492000000",
            "incomeBeforeTax": "19986000000",
            "incomeTaxExpense": "4234000000",
            "interestAndDebtExpense": "None",
            "netIncomeFromContinuingOperations": "15751000000",
            "comprehensiveIncomeNetOfTax": "None",
            "ebit": "20470000000",
            "ebitda": "24962000000",
            "netIncome": "12022000000"
        },
        {
            "fiscalDateEnding": "2013-12-31",
            "reportedCurrency": "USD",
            "grossProfit": "48684000000",
            "totalRevenue": "98368000000",
            "costOfRevenue": "49683000000",
            "costofGoodsAndServicesSold": "49683000000",
            "operatingIncome": "21500000000",
            "sellingGeneralAndAdministrative": "21630000000",
            "researchAndDevelopment": "5743000000",
            "operatingExpenses": "28216000000",
            "investmentIncomeNet": "None",
            "netInterestIncome": "None",
            "interestIncome": "None",
            "interestExpense": "402000000",
            "nonInterestIncome": "None",
            "otherNonOperatingIncome": "327000000",
            "depreciation": "None",
            "depreciationAndAmortization": "4678000000",
            "incomeBeforeTax": "20244000000",
            "incomeTaxExpense": "3363000000",
            "interestAndDebtExpense": "None",
            "netIncomeFromContinuingOperations": "16483000000",
            "comprehensiveIncomeNetOfTax": "None",
            "ebit": "20646000000",
            "ebitda": "25324000000",
            "netIncome": "16483000000"
        },
        {
            "fiscalDateEnding": "2012-12-31",
            "reportedCurrency": "USD",
            "grossProfit": "50361000000",
            "totalRevenue": "102874000000",
            "costOfRevenue": "52513000000",
            "costofGoodsAndServicesSold": "52513000000",
            "operatingIncome": "22990000000",
            "sellingGeneralAndAdministrative": "21746000000",
            "researchAndDevelopment": "5816000000",
            "operatingExpenses": "28155000000",
            "investmentIncomeNet": "None",
            "netInterestIncome": "None",
            "interestIncome": "None",
            "interestExpense": "459000000",
            "nonInterestIncome": "None",
            "otherNonOperatingIncome": "843000000",
            "depreciation": "None",
            "depreciationAndAmortization": "4676000000",
            "incomeBeforeTax": "22540000000",
            "incomeTaxExpense": "5541000000",
            "interestAndDebtExpense": "None",
            "netIncomeFromContinuingOperations": "16604000000",
            "comprehensiveIncomeNetOfTax": "None",
            "ebit": "22999000000",
            "ebitda": "27675000000",
            "netIncome": "16604000000"
        },
        {
            "fiscalDateEnding": "2011-12-31",
            "reportedCurrency": "USD",
            "grossProfit": "50138000000",
            "totalRevenue": "106916000000",
            "costOfRevenue": "56778000000",
            "costofGoodsAndServicesSold": "56778000000",
            "operatingIncome": "21922000000",
            "sellingGeneralAndAdministrative": "21844000000",
            "researchAndDevelopment": "6258000000",
            "operatingExpenses": "28656000000",
            "investmentIncomeNet": "None",
            "netInterestIncome": "None",
            "interestIncome": "None",
            "interestExpense": "411000000",
            "nonInterestIncome": "None",
            "otherNonOperatingIncome": "20000000",
            "depreciation": "None",
            "depreciationAndAmortization": "4815000000",
            "incomeBeforeTax": "21003000000",
            "incomeTaxExpense": "5148000000",
            "interestAndDebtExpense": "None",
            "netIncomeFromContinuingOperations": "15855000000",
            "comprehensiveIncomeNetOfTax": "None",
            "ebit": "21414000000",
            "ebitda": "26229000000",
            "netIncome": "15855000000"
        },
        {
            "fiscalDateEnding": "2010-12-31",
            "reportedCurrency": "USD",
            "grossProfit": "46014000000",
            "totalRevenue": "99871000000",
            "costOfRevenue": "53857000000",
            "costofGoodsAndServicesSold": "53857000000",
            "operatingIncome": "19985000000",
            "sellingGeneralAndAdministrative": "20208000000",
            "researchAndDevelopment": "6026000000",
            "operatingExpenses": "26670000000",
            "investmentIncomeNet": "None",
            "netInterestIncome": "None",
            "interestIncome": "None",
            "interestExpense": "368000000",
            "nonInterestIncome": "None",
            "otherNonOperatingIncome": "787000000",
            "depreciation": "None",
            "depreciationAndAmortization": "4831000000",
            "incomeBeforeTax": "19723000000",
            "incomeTaxExpense": "4890000000",
            "interestAndDebtExpense": "None",
            "netIncomeFromContinuingOperations": "14833000000",
            "comprehensiveIncomeNetOfTax": "None",
            "ebit": "20091000000",
            "ebitda": "24922000000",
            "netIncome": "14833000000"
        },
        {
            "fiscalDateEnding": "2009-12-31",
            "reportedCurrency": "USD",
            "grossProfit": "43785000000",
            "totalRevenue": "95758000000",
            "costOfRevenue": "51973000000",
            "costofGoodsAndServicesSold": "51973000000",
            "operatingIncome": "17012000000",
            "sellingGeneralAndAdministrative": "19269000000",
            "researchAndDevelopment": "5820000000",
            "operatingExpenses": "26773000000",
            "investmentIncomeNet": "None",
            "netInterestIncome": "None",
            "interestIncome": "None",
            "interestExpense": "402000000",
            "nonInterestIncome": "None",
            "otherNonOperatingIncome": "351000000",
            "depreciation": "None",
            "depreciationAndAmortization": "4994000000",
            "incomeBeforeTax": "18138000000",
            "incomeTaxExpense": "4713000000",
            "interestAndDebtExpense": "None",
            "netIncomeFromContinuingOperations": "13425000000",
            "comprehensiveIncomeNetOfTax": "None",
            "ebit": "18540000000",
            "ebitda": "23534000000",
            "netIncome": "13425000000"
        },
        {
            "fiscalDateEnding": "2008-12-31",
            "reportedCurrency": "USD",
            "grossProfit": "45661000000",
            "totalRevenue": "103630000000",
            "costOfRevenue": "57969000000",
            "costofGoodsAndServicesSold": "57969000000",
            "operatingIncome": "15939000000",
            "sellingGeneralAndAdministrative": "21514000000",
            "researchAndDevelopment": "6337000000",
            "operatingExpenses": "29722000000",
            "investmentIncomeNet": "None",
            "netInterestIncome": "None",
            "interestIncome": "None",
            "interestExpense": "673000000",
            "nonInterestIncome": "None",
            "otherNonOperatingIncome": "None",
            "depreciation": "None",
            "depreciationAndAmortization": "5450000000",
            "incomeBeforeTax": "16715000000",
            "incomeTaxExpense": "4381000000",
            "interestAndDebtExpense": "None",
            "netIncomeFromContinuingOperations": "None",
            "comprehensiveIncomeNetOfTax": "None",
            "ebit": "17388000000",
            "ebitda": "22838000000",
            "netIncome": "12334000000"
        },
        {
            "fiscalDateEnding": "2007-12-31",
            "reportedCurrency": "USD",
            "grossProfit": "41729000000",
            "totalRevenue": "98786000000",
            "costOfRevenue": "57057000000",
            "costofGoodsAndServicesSold": "57057000000",
            "operatingIncome": "13516000000",
            "sellingGeneralAndAdministrative": "22060000000",
            "researchAndDevelopment": "6153000000",
            "operatingExpenses": "28213000000",
            "investmentIncomeNet": "None",
            "netInterestIncome": "None",
            "interestIncome": "None",
            "interestExpense": "611000000",
            "nonInterestIncome": "None",
            "otherNonOperatingIncome": "None",
            "depreciation": "None",
            "depreciationAndAmortization": "5201000000",
            "incomeBeforeTax": "14489000000",
            "incomeTaxExpense": "4071000000",
            "interestAndDebtExpense": "None",
            "netIncomeFromContinuingOperations": "None",
            "comprehensiveIncomeNetOfTax": "None",
            "ebit": "15100000000",
            "ebitda": "20301000000",
            "netIncome": "10418000000"
        },
        {
            "fiscalDateEnding": "2006-12-31",
            "reportedCurrency": "USD",
            "grossProfit": "38295000000",
            "totalRevenue": "91424000000",
            "costOfRevenue": "53129000000",
            "costofGoodsAndServicesSold": "53129000000",
            "operatingIncome": "11929000000",
            "sellingGeneralAndAdministrative": "20259000000",
            "researchAndDevelopment": "6107000000",
            "operatingExpenses": "26366000000",
            "investmentIncomeNet": "None",
            "netInterestIncome": "None",
            "interestIncome": "None",
            "interestExpense": "278000000",
            "nonInterestIncome": "None",
            "otherNonOperatingIncome": "None",
            "depreciation": "None",
            "depreciationAndAmortization": "4983000000",
            "incomeBeforeTax": "13317000000",
            "incomeTaxExpense": "3901000000",
            "interestAndDebtExpense": "None",
            "netIncomeFromContinuingOperations": "None",
            "comprehensiveIncomeNetOfTax": "None",
            "ebit": "13595000000",
            "ebitda": "18578000000",
            "netIncome": "9492000000"
        },
        {
            "fiscalDateEnding": "2005-12-31",
            "reportedCurrency": "USD",
            "grossProfit": "36532000000",
            "totalRevenue": "91134000000",
            "costOfRevenue": "54602000000",
            "costofGoodsAndServicesSold": "54602000000",
            "operatingIncome": "9376000000",
            "sellingGeneralAndAdministrative": "21314000000",
            "researchAndDevelopment": "5842000000",
            "operatingExpenses": "27156000000",
            "investmentIncomeNet": "None",
            "netInterestIncome": "None",
            "interestIncome": "None",
            "interestExpense": "220000000",
            "nonInterestIncome": "None",
            "otherNonOperatingIncome": "None",
            "depreciation": "None",
            "depreciationAndAmortization": "5188000000",
            "incomeBeforeTax": "12226000000",
            "incomeTaxExpense": "4232000000",
            "interestAndDebtExpense": "None",
            "netIncomeFromContinuingOperations": "None",
            "comprehensiveIncomeNetOfTax": "None",
            "ebit": "12446000000",
            "ebitda": "17634000000",
            "netIncome": "7934000000"
        }
    ],
    "quarterlyReports": [
        {
            "fiscalDateEnding": "2025-09-30",
            "reportedCurrency": "None",
            "grossProfit": "9591000000",
            "totalRevenue": "16331000000",
            "costOfRevenue": "6740000000",
            "costofGoodsAndServicesSold": "6740000000",
            "operatingIncome": "2660000000",
            "sellingGeneralAndAdministrative": "4748000000",
            "researchAndDevelopment": "2082000000",
            "operatingExpenses": "6931000000",
            "investmentIncomeNet": "None",
            "netInterestIncome": "None",
            "interestIncome": "None",
            "interestExpense": "492000000",
            "nonInterestIncome": "None",
            "otherNonOperatingIncome": "None",
            "depreciation": "None",
            "depreciationAndAmortization": "1283000000",
            "incomeBeforeTax": "2430000000",
            "incomeTaxExpense": "686000000",
            "interestAndDebtExpense": "None",
            "netIncomeFromContinuingOperations": "None",
            "comprehensiveIncomeNetOfTax": "None",
            "ebit": "2922000000",
            "ebitda": "4205000000",
            "netIncome": "1744000000"
        },
        {
            "fiscalDateEnding": "2025-06-30",
            "reportedCurrency": "USD",
            "grossProfit": "9977000000",
            "totalRevenue": "16977000000",
            "costOfRevenue": "7001000000",
            "costofGoodsAndServicesSold": "7001000000",
            "operatingIncome": "3086000000",
            "sellingGeneralAndAdministrative": "4322000000",
            "researchAndDevelopment": "2097000000",
            "operatingExpenses": "6890000000",
            "investmentIncomeNet": "None",
            "netInterestIncome": "-338000000",
            "interestIncome": "172000000",
            "interestExpense": "510000000",
            "nonInterestIncome": "None",
            "otherNonOperatingIncome": "None",
            "depreciation": "None",
            "depreciationAndAmortization": "1265000000",
            "incomeBeforeTax": "2597000000",
            "incomeTaxExpense": "404000000",
            "interestAndDebtExpense": "None",
            "netIncomeFromContinuingOperations": "2193000000",
            "comprehensiveIncomeNetOfTax": "None",
            "ebit": "3109000000",
            "ebitda": "4374000000",
            "netIncome": "2194000000"
        },
        {
            "fiscalDateEnding": "2025-03-31",
            "reportedCurrency": "USD",
            "grossProfit": "8031000000",
            "totalRevenue": "14541000000",
            "costOfRevenue": "6510000000",
            "costofGoodsAndServicesSold": "6510000000",
            "operatingIncome": "1765000000",
            "sellingGeneralAndAdministrative": "4023000000",
            "researchAndDevelopment": "1950000000",
            "operatingExpenses": "6266000000",
            "investmentIncomeNet": "None",
            "netInterestIncome": "-264000000",
            "interestIncome": "191000000",
            "interestExpense": "455000000",
            "nonInterestIncome": "None",
            "otherNonOperatingIncome": "None",
            "depreciation": "None",
            "depreciationAndAmortization": "1177000000",
            "incomeBeforeTax": "1158000000",
            "incomeTaxExpense": "103000000",
            "interestAndDebtExpense": "None",
            "netIncomeFromContinuingOperations": "1054000000",
            "comprehensiveIncomeNetOfTax": "None",
            "ebit": "1613000000",
            "ebitda": "2790000000",
            "netIncome": "1055000000"
        },
        {
            "fiscalDateEnding": "2024-12-31",
            "reportedCurrency": "USD",
            "grossProfit": "10439000000",
            "totalRevenue": "17553000000",
            "costOfRevenue": "7114000000",
            "costofGoodsAndServicesSold": "7114000000",
            "operatingIncome": "3901000000",
            "sellingGeneralAndAdministrative": "4325000000",
            "researchAndDevelopment": "1967000000",
            "operatingExpenses": "6538000000",
            "investmentIncomeNet": "None",
            "netInterestIncome": "-274000000",
            "interestIncome": "150000000",
            "interestExpense": "424000000",
            "nonInterestIncome": "None",
            "otherNonOperatingIncome": "None",
            "depreciation": "None",
            "depreciationAndAmortization": "1113000000",
            "incomeBeforeTax": "3306000000",
            "incomeTaxExpense": "379000000",
            "interestAndDebtExpense": "None",
            "netIncomeFromContinuingOperations": "2927000000",
            "comprehensiveIncomeNetOfTax": "None",
            "ebit": "3730000000",
            "ebitda": "4843000000",
            "netIncome": "2914000000"
        },
        {
            "fiscalDateEnding": "2024-09-30",
            "reportedCurrency": "USD",
            "grossProfit": "8420000000",
            "totalRevenue": "14967000000",
            "costOfRevenue": "6548000000",
            "costofGoodsAndServicesSold": "6548000000",
            "operatingIncome": "2177000000",
            "sellingGeneralAndAdministrative": "4032000000",
            "researchAndDevelopment": "1876000000",
            "operatingExpenses": "6242000000",
            "investmentIncomeNet": "None",
            "netInterestIncome": "-259000000",
            "interestIncome": "170000000",
            "interestExpense": "429000000",
            "nonInterestIncome": "None",
            "otherNonOperatingIncome": "None",
            "depreciation": "None",
            "depreciationAndAmortization": "1268000000",
            "incomeBeforeTax": "-802000000",
            "incomeTaxExpense": "-485000000",
            "interestAndDebtExpense": "None",
            "netIncomeFromContinuingOperations": "-317000000",
            "comprehensiveIncomeNetOfTax": "None",
            "ebit": "-373000000",
            "ebitda": "895000000",
            "netIncome": "-330000000"
        },
        {
            "fiscalDateEnding": "2024-06-30",
            "reportedCurrency": "USD",
            "grossProfit": "8950000000",
            "totalRevenue": "15769000000",
            "costOfRevenue": "6820000000",
            "costofGoodsAndServicesSold": "6820000000",
            "operatingIncome": "2434000000",
            "sellingGeneralAndAdministrative": "4293000000",
            "researchAndDevelopment": "1840000000",
            "operatingExpenses": "6515000000",
            "investmentIncomeNet": "None",
            "netInterestIncome": "-210000000",
            "interestIncome": "217000000",
            "interestExpense": "427000000",
            "nonInterestIncome": "None",
            "otherNonOperatingIncome": "None",
            "depreciation": "None",
            "depreciationAndAmortization": "1155000000",
            "incomeBeforeTax": "2219000000",
            "incomeTaxExpense": "389000000",
            "interestAndDebtExpense": "None",
            "netIncomeFromContinuingOperations": "1830000000",
            "comprehensiveIncomeNetOfTax": "None",
            "ebit": "2646000000",
            "ebitda": "3801000000",
            "netIncome": "1834000000"
        },
        {
            "fiscalDateEnding": "2024-03-31",
            "reportedCurrency": "USD",
            "grossProfit": "7742000000",
            "totalRevenue": "14461000000",
            "costOfRevenue": "6719000000",
            "costofGoodsAndServicesSold": "6719000000",
            "operatingIncome": "1563000000",
            "sellingGeneralAndAdministrative": "4086000000",
            "researchAndDevelopment": "1796000000",
            "operatingExpenses": "6179000000",
            "investmentIncomeNet": "None",
            "netInterestIncome": "-222000000",
            "interestIncome": "210000000",
            "interestExpense": "432000000",
            "nonInterestIncome": "None",
            "otherNonOperatingIncome": "None",
            "depreciation": "None",
            "depreciationAndAmortization": "1131000000",
            "incomeBeforeTax": "1074000000",
            "incomeTaxExpense": "-502000000",
            "interestAndDebtExpense": "None",
            "netIncomeFromContinuingOperations": "1575000000",
            "comprehensiveIncomeNetOfTax": "None",
            "ebit": "1506000000",
            "ebitda": "2637000000",
            "netIncome": "1605000000"
        },
        {
            "fiscalDateEnding": "2023-12-31",
            "reportedCurrency": "USD",
            "grossProfit": "10267000000",
            "totalRevenue": "17380000000",
            "costOfRevenue": "7114000000",
            "costofGoodsAndServicesSold": "7114000000",
            "operatingIncome": "3995000000",
            "sellingGeneralAndAdministrative": "4250000000",
            "researchAndDevelopment": "1748000000",
            "operatingExpenses": "6271000000",
            "investmentIncomeNet": "None",
            "netInterestIncome": "-262000000",
            "interestIncome": "143000000",
            "interestExpense": "405000000",
            "nonInterestIncome": "None",
            "otherNonOperatingIncome": "None",
            "depreciation": "None",
            "depreciationAndAmortization": "1152000000",
            "incomeBeforeTax": "3759000000",
            "incomeTaxExpense": "474000000",
            "interestAndDebtExpense": "None",
            "netIncomeFromContinuingOperations": "3285000000",
            "comprehensiveIncomeNetOfTax": "None",
            "ebit": "4164000000",
            "ebitda": "5316000000",
            "netIncome": "3288000000"
        },
        {
            "fiscalDateEnding": "2023-09-30",
            "reportedCurrency": "USD",
            "grossProfit": "8023000000",
            "totalRevenue": "14752000000",
            "costOfRevenue": "6729000000",
            "costofGoodsAndServicesSold": "6729000000",
            "operatingIncome": "2104000000",
            "sellingGeneralAndAdministrative": "3878000000",
            "researchAndDevelopment": "1685000000",
            "operatingExpenses": "5919000000",
            "investmentIncomeNet": "None",
            "netInterestIncome": "-412000000",
            "interestIncome": "156000000",
            "interestExpense": "412000000",
            "nonInterestIncome": "None",
            "otherNonOperatingIncome": "None",
            "depreciation": "None",
            "depreciationAndAmortization": "1093000000",
            "incomeBeforeTax": "1873000000",
            "incomeTaxExpense": "159000000",
            "interestAndDebtExpense": "None",
            "netIncomeFromContinuingOperations": "1714000000",
            "comprehensiveIncomeNetOfTax": "None",
            "ebit": "2285000000",
            "ebitda": "3378000000",
            "netIncome": "1704000000"
        },
        {
            "fiscalDateEnding": "2023-06-30",
            "reportedCurrency": "USD",
            "grossProfit": "8501000000",
            "totalRevenue": "15475000000",
            "costOfRevenue": "6974000000",
            "costofGoodsAndServicesSold": "6974000000",
            "operatingIncome": "2278000000",
            "sellingGeneralAndAdministrative": "4159000000",
            "researchAndDevelopment": "1687000000",
            "operatingExpenses": "6223000000",
            "investmentIncomeNet": "None",
            "netInterestIncome": "-423000000",
            "interestIncome": "201000000",
            "interestExpense": "423000000",
            "nonInterestIncome": "None",
            "otherNonOperatingIncome": "261000000",
            "depreciation": "None",
            "depreciationAndAmortization": "1077000000",
            "incomeBeforeTax": "2000000000",
            "incomeTaxExpense": "419000000",
            "interestAndDebtExpense": "None",
            "netIncomeFromContinuingOperations": "1581000000",
            "comprehensiveIncomeNetOfTax": "None",
            "ebit": "2423000000",
            "ebitda": "3500000000",
            "netIncome": "1583000000"
        },
        {
            "fiscalDateEnding": "2023-03-31",
            "reportedCurrency": "USD",
            "grossProfit": "7509000000",
            "totalRevenue": "14252000000",
            "costOfRevenue": "6743000000",
            "costofGoodsAndServicesSold": "6743000000",
            "operatingIncome": "1436000000",
            "sellingGeneralAndAdministrative": "4035000000",
            "researchAndDevelopment": "1655000000",
            "operatingExpenses": "6073000000",
            "investmentIncomeNet": "None",
            "netInterestIncome": "-367000000",
            "interestIncome": "170000000",
            "interestExpense": "367000000",
            "nonInterestIncome": "None",
            "otherNonOperatingIncome": "245000000",
            "depreciation": "None",
            "depreciationAndAmortization": "1074000000",
            "incomeBeforeTax": "1058000000",
            "incomeTaxExpense": "124000000",
            "interestAndDebtExpense": "None",
            "netIncomeFromContinuingOperations": "934000000",
            "comprehensiveIncomeNetOfTax": "None",
            "ebit": "1425000000",
            "ebitda": "2499000000",
            "netIncome": "927000000"
        },
        {
            "fiscalDateEnding": "2022-12-31",
            "reportedCurrency": "USD",
            "grossProfit": "9632000000",
            "totalRevenue": "16691000000",
            "costOfRevenue": "7058000000",
            "costofGoodsAndServicesSold": "7058000000",
            "operatingIncome": "3499000000",
            "sellingGeneralAndAdministrative": "4175000000",
            "researchAndDevelopment": "1604000000",
            "operatingExpenses": "6134000000",
            "investmentIncomeNet": "None",
            "netInterestIncome": "-313000000",
            "interestIncome": "64000000",
            "interestExpense": "313000000",
            "nonInterestIncome": "None",
            "otherNonOperatingIncome": "None",
            "depreciation": "None",
            "depreciationAndAmortization": "1137000000",
            "incomeBeforeTax": "3312000000",
            "incomeTaxExpense": "444000000",
            "interestAndDebtExpense": "None",
            "netIncomeFromContinuingOperations": "2869000000",
            "comprehensiveIncomeNetOfTax": "None",
            "ebit": "3625000000",
            "ebitda": "4762000000",
            "netIncome": "2711000000"
        },
        {
            "fiscalDateEnding": "2022-09-30",
            "reportedCurrency": "USD",
            "grossProfit": "7430000000",
            "totalRevenue": "14106000000",
            "costOfRevenue": "6677000000",
            "costofGoodsAndServicesSold": "6677000000",
            "operatingIncome": "1561000000",
            "sellingGeneralAndAdministrative": "3819000000",
            "researchAndDevelopment": "1611000000",
            "operatingExpenses": "5868000000",
            "investmentIncomeNet": "None",
            "netInterestIncome": "-295000000",
            "interestIncome": "53000000",
            "interestExpense": "295000000",
            "nonInterestIncome": "None",
            "otherNonOperatingIncome": "-5755000000",
            "depreciation": "None",
            "depreciationAndAmortization": "1163000000",
            "incomeBeforeTax": "-4501000000",
            "incomeTaxExpense": "-1287000000",
            "interestAndDebtExpense": "None",
            "netIncomeFromContinuingOperations": "-3214000000",
            "comprehensiveIncomeNetOfTax": "None",
            "ebit": "-4206000000",
            "ebitda": "-3043000000",
            "netIncome": "-3196000000"
        },
        {
            "fiscalDateEnding": "2022-06-30",
            "reportedCurrency": "USD",
            "grossProfit": "8290000000",
            "totalRevenue": "15535000000",
            "costOfRevenue": "7246000000",
            "costofGoodsAndServicesSold": "7246000000",
            "operatingIncome": "1960000000",
            "sellingGeneralAndAdministrative": "4149000000",
            "researchAndDevelopment": "1673000000",
            "operatingExpenses": "6329000000",
            "investmentIncomeNet": "None",
            "netInterestIncome": "-297000000",
            "interestIncome": "28000000",
            "interestExpense": "297000000",
            "nonInterestIncome": "None",
            "otherNonOperatingIncome": "81000000",
            "depreciation": "None",
            "depreciationAndAmortization": "1246000000",
            "incomeBeforeTax": "1722000000",
            "incomeTaxExpense": "257000000",
            "interestAndDebtExpense": "None",
            "netIncomeFromContinuingOperations": "1465000000",
            "comprehensiveIncomeNetOfTax": "None",
            "ebit": "2019000000",
            "ebitda": "3265000000",
            "netIncome": "1392000000"
        },
        {
            "fiscalDateEnding": "2022-03-31",
            "reportedCurrency": "USD",
            "grossProfit": "7335000000",
            "totalRevenue": "14197000000",
            "costOfRevenue": "6862000000",
            "costofGoodsAndServicesSold": "6862000000",
            "operatingIncome": "1184000000",
            "sellingGeneralAndAdministrative": "3960000000",
            "researchAndDevelopment": "1679000000",
            "operatingExpenses": "6151000000",
            "investmentIncomeNet": "None",
            "netInterestIncome": "-311000000",
            "interestIncome": "17000000",
            "interestExpense": "311000000",
            "nonInterestIncome": "None",
            "otherNonOperatingIncome": "-246000000",
            "depreciation": "None",
            "depreciationAndAmortization": "1256000000",
            "incomeBeforeTax": "623000000",
            "incomeTaxExpense": "-39000000",
            "interestAndDebtExpense": "None",
            "netIncomeFromContinuingOperations": "662000000",
            "comprehensiveIncomeNetOfTax": "None",
            "ebit": "934000000",
            "ebitda": "2190000000",
            "netIncome": "733000000"
        },
        {
            "fiscalDateEnding": "2021-12-31",
            "reportedCurrency": "USD",
            "grossProfit": "6107000000",
            "totalRevenue": "3259000000",
            "costOfRevenue": "-2849000000",
            "costofGoodsAndServicesSold": "-2849000000",
            "operatingIncome": "1253000000",
            "sellingGeneralAndAdministrative": "2830000000",
            "researchAndDevelopment": "1581000000",
            "operatingExpenses": "4855000000",
            "investmentIncomeNet": "None",
            "netInterestIncome": "-303000000",
            "interestIncome": "13000000",
            "interestExpense": "303000000",
            "nonInterestIncome": "None",
            "otherNonOperatingIncome": "38000000",
            "depreciation": "None",
            "depreciationAndAmortization": "1381000000",
            "incomeBeforeTax": "1061000000",
            "incomeTaxExpense": "-241000000",
            "interestAndDebtExpense": "None",
            "netIncomeFromContinuingOperations": "2462000000",
            "comprehensiveIncomeNetOfTax": "None",
            "ebit": "1364000000",
            "ebitda": "2745000000",
            "netIncome": "2332000000"
        },
        {
            "fiscalDateEnding": "2021-09-30",
            "reportedCurrency": "USD",
            "grossProfit": "7106000000",
            "totalRevenue": "13251000000",
            "costOfRevenue": "6145000000",
            "costofGoodsAndServicesSold": "6145000000",
            "operatingIncome": "1336000000",
            "sellingGeneralAndAdministrative": "3697000000",
            "researchAndDevelopment": "1606000000",
            "operatingExpenses": "5770000000",
            "investmentIncomeNet": "None",
            "netInterestIncome": "-291000000",
            "interestIncome": "14000000",
            "interestExpense": "290000000",
            "nonInterestIncome": "None",
            "otherNonOperatingIncome": "-234000000",
            "depreciation": "None",
            "depreciationAndAmortization": "1684000000",
            "incomeBeforeTax": "813000000",
            "incomeTaxExpense": "-224000000",
            "interestAndDebtExpense": "None",
            "netIncomeFromContinuingOperations": "1130000000",
            "comprehensiveIncomeNetOfTax": "None",
            "ebit": "1103000000",
            "ebitda": "2787000000",
            "netIncome": "1130000000"
        },
        {
            "fiscalDateEnding": "2021-06-30",
            "reportedCurrency": "USD",
            "grossProfit": "7852000000",
            "totalRevenue": "14218000000",
            "costOfRevenue": "6366000000",
            "costofGoodsAndServicesSold": "6366000000",
            "operatingIncome": "1599000000",
            "sellingGeneralAndAdministrative": "4095000000",
            "researchAndDevelopment": "1641000000",
            "operatingExpenses": "6253000000",
            "investmentIncomeNet": "None",
            "netInterestIncome": "-270000000",
            "interestIncome": "11000000",
            "interestExpense": "281000000",
            "nonInterestIncome": "None",
            "otherNonOperatingIncome": "-315000000",
            "depreciation": "None",
            "depreciationAndAmortization": "1680000000",
            "incomeBeforeTax": "911000000",
            "incomeTaxExpense": "101000000",
            "interestAndDebtExpense": "None",
            "netIncomeFromContinuingOperations": "1325000000",
            "comprehensiveIncomeNetOfTax": "None",
            "ebit": "1193000000",
            "ebitda": "2873000000",
            "netIncome": "1325000000"
        },
        {
            "fiscalDateEnding": "2021-03-31",
            "reportedCurrency": "USD",
            "grossProfit": "7027000000",
            "totalRevenue": "13187000000",
            "costOfRevenue": "6160000000",
            "costofGoodsAndServicesSold": "6160000000",
            "operatingIncome": "956000000",
            "sellingGeneralAndAdministrative": "4005000000",
            "researchAndDevelopment": "1616000000",
            "operatingExpenses": "6071000000",
            "investmentIncomeNet": "None",
            "netInterestIncome": "-280000000",
            "interestIncome": "14000000",
            "interestExpense": "280000000",
            "nonInterestIncome": "None",
            "otherNonOperatingIncome": "-362000000",
            "depreciation": "None",
            "depreciationAndAmortization": "1672000000",
            "incomeBeforeTax": "244000000",
            "incomeTaxExpense": "-159000000",
            "interestAndDebtExpense": "None",
            "netIncomeFromContinuingOperations": "956000000",
            "comprehensiveIncomeNetOfTax": "None",
            "ebit": "524000000",
            "ebitda": "2196000000",
            "netIncome": "955000000"
        },
        {
            "fiscalDateEnding": "2020-12-31",
            "reportedCurrency": "USD",
            "grossProfit": "10523000000",
            "totalRevenue": "20368000000",
            "costOfRevenue": "9844000000",
            "costofGoodsAndServicesSold": "9844000000",
            "operatingIncome": "3999000000",
            "sellingGeneralAndAdministrative": "4541000000",
            "researchAndDevelopment": "1611000000",
            "operatingExpenses": "6525000000",
            "investmentIncomeNet": "None",
            "netInterestIncome": "-317000000",
            "interestIncome": "15000000",
            "interestExpense": "317000000",
            "nonInterestIncome": "None",
            "otherNonOperatingIncome": "-247000000",
            "depreciation": "None",
            "depreciationAndAmortization": "1699000000",
            "incomeBeforeTax": "1289000000",
            "incomeTaxExpense": "25000000",
            "interestAndDebtExpense": "None",
            "netIncomeFromContinuingOperations": "1263000000",
            "comprehensiveIncomeNetOfTax": "None",
            "ebit": "1606000000",
            "ebitda": "3305000000",
            "netIncome": "1355000000"
        },
        {
            "fiscalDateEnding": "2020-09-30",
            "reportedCurrency": "USD",
            "grossProfit": "8430000000",
            "totalRevenue": "17561000000",
            "costOfRevenue": "9130000000",
            "costofGoodsAndServicesSold": "9130000000",
            "operatingIncome": "2409000000",
            "sellingGeneralAndAdministrative": "4011000000",
            "researchAndDevelopment": "1515000000",
            "operatingExpenses": "6022000000",
            "investmentIncomeNet": "None",
            "netInterestIncome": "-308000000",
            "interestIncome": "15000000",
            "interestExpense": "323000000",
            "nonInterestIncome": "None",
            "otherNonOperatingIncome": "-253000000",
            "depreciation": "None",
            "depreciationAndAmortization": "1683000000",
            "incomeBeforeTax": "1827000000",
            "incomeTaxExpense": "129000000",
            "interestAndDebtExpense": "None",
            "netIncomeFromContinuingOperations": "1699000000",
            "comprehensiveIncomeNetOfTax": "None",
            "ebit": "2150000000",
            "ebitda": "3833000000",
            "netIncome": "1697000000"
        },
        {
            "fiscalDateEnding": "2020-06-30",
            "reportedCurrency": "USD",
            "grossProfit": "8700000000",
            "totalRevenue": "18123000000",
            "costOfRevenue": "9423000000",
            "costofGoodsAndServicesSold": "9423000000",
            "operatingIncome": "2210000000",
            "sellingGeneralAndAdministrative": "4394000000",
            "researchAndDevelopment": "1582000000",
            "operatingExpenses": "6490000000",
            "investmentIncomeNet": "None",
            "netInterestIncome": "-300000000",
            "interestIncome": "23000000",
            "interestExpense": "323000000",
            "nonInterestIncome": "None",
            "otherNonOperatingIncome": "-179000000",
            "depreciation": "None",
            "depreciationAndAmortization": "1679000000",
            "incomeBeforeTax": "1571000000",
            "incomeTaxExpense": "209000000",
            "interestAndDebtExpense": "None",
            "netIncomeFromContinuingOperations": "1362000000",
            "comprehensiveIncomeNetOfTax": "None",
            "ebit": "1894000000",
            "ebitda": "3573000000",
            "netIncome": "1361000000"
        },
        {
            "fiscalDateEnding": "2020-03-31",
            "reportedCurrency": "USD",
            "grossProfit": "7922000000",
            "totalRevenue": "17570000000",
            "costOfRevenue": "9649000000",
            "costofGoodsAndServicesSold": "9649000000",
            "operatingIncome": "1187000000",
            "sellingGeneralAndAdministrative": "4458000000",
            "researchAndDevelopment": "1625000000",
            "operatingExpenses": "6734000000",
            "investmentIncomeNet": "None",
            "netInterestIncome": "-275000000",
            "interestIncome": "51000000",
            "interestExpense": "326000000",
            "nonInterestIncome": "None",
            "otherNonOperatingIncome": "-182000000",
            "depreciation": "None",
            "depreciationAndAmortization": "1634000000",
            "incomeBeforeTax": "-49000000",
            "incomeTaxExpense": "-1226000000",
            "interestAndDebtExpense": "None",
            "netIncomeFromContinuingOperations": "1177000000",
            "comprehensiveIncomeNetOfTax": "None",
            "ebit": "277000000",
            "ebitda": "1911000000",
            "netIncome": "1175000000"
        },
        {
            "fiscalDateEnding": "2019-12-31",
            "reportedCurrency": "USD",
            "grossProfit": "11100000000",
            "totalRevenue": "21777000000",
            "costOfRevenue": "10677000000",
            "costofGoodsAndServicesSold": "10677000000",
            "operatingIncome": "4266000000",
            "sellingGeneralAndAdministrative": "4690000000",
            "researchAndDevelopment": "1596000000",
            "operatingExpenses": "6834000000",
            "investmentIncomeNet": "None",
            "netInterestIncome": "-306000000",
            "interestIncome": "48000000",
            "interestExpense": "354000000",
            "nonInterestIncome": "None",
            "otherNonOperatingIncome": "None",
            "depreciation": "None",
            "depreciationAndAmortization": "1650000000",
            "incomeBeforeTax": "3993000000",
            "incomeTaxExpense": "324000000",
            "interestAndDebtExpense": "None",
            "netIncomeFromContinuingOperations": "3669000000",
            "comprehensiveIncomeNetOfTax": "None",
            "ebit": "4347000000",
            "ebitda": "5997000000",
            "netIncome": "3670000000"
        },
        {
            "fiscalDateEnding": "2019-09-30",
            "reportedCurrency": "USD",
            "grossProfit": "8336000000",
            "totalRevenue": "18027000000",
            "costOfRevenue": "9692000000",
            "costofGoodsAndServicesSold": "9692000000",
            "operatingIncome": "1924000000",
            "sellingGeneralAndAdministrative": "4354000000",
            "researchAndDevelopment": "1553000000",
            "operatingExpenses": "6411000000",
            "investmentIncomeNet": "None",
            "netInterestIncome": "-369000000",
            "interestIncome": "63000000",
            "interestExpense": "432000000",
            "nonInterestIncome": "None",
            "otherNonOperatingIncome": "None",
            "depreciation": "None",
            "depreciationAndAmortization": "1669000000",
            "incomeBeforeTax": "1522000000",
            "incomeTaxExpense": "-151000000",
            "interestAndDebtExpense": "None",
            "netIncomeFromContinuingOperations": "1673000000",
            "comprehensiveIncomeNetOfTax": "None",
            "ebit": "1954000000",
            "ebitda": "3623000000",
            "netIncome": "1672000000"
        },
        {
            "fiscalDateEnding": "2019-06-30",
            "reportedCurrency": "USD",
            "grossProfit": "9010000000",
            "totalRevenue": "19161000000",
            "costOfRevenue": "10151000000",
            "costofGoodsAndServicesSold": "10151000000",
            "operatingIncome": "2369000000",
            "sellingGeneralAndAdministrative": "4923000000",
            "researchAndDevelopment": "1407000000",
            "operatingExpenses": "6641000000",
            "investmentIncomeNet": "None",
            "netInterestIncome": "-181000000",
            "interestIncome": "167000000",
            "interestExpense": "348000000",
            "nonInterestIncome": "None",
            "otherNonOperatingIncome": "None",
            "depreciation": "None",
            "depreciationAndAmortization": "1294000000",
            "incomeBeforeTax": "2768000000",
            "incomeTaxExpense": "269000000",
            "interestAndDebtExpense": "None",
            "netIncomeFromContinuingOperations": "2499000000",
            "comprehensiveIncomeNetOfTax": "None",
            "ebit": "3116000000",
            "ebitda": "4410000000",
            "netIncome": "2498000000"
        },
        {
            "fiscalDateEnding": "2019-03-31",
            "reportedCurrency": "USD",
            "grossProfit": "8043000000",
            "totalRevenue": "18181000000",
            "costOfRevenue": "10139000000",
            "costofGoodsAndServicesSold": "10139000000",
            "operatingIncome": "2021000000",
            "sellingGeneralAndAdministrative": "4141000000",
            "researchAndDevelopment": "1433000000",
            "operatingExpenses": "6021000000",
            "investmentIncomeNet": "None",
            "netInterestIncome": "-140000000",
            "interestIncome": "70000000",
            "interestExpense": "210000000",
            "nonInterestIncome": "None",
            "otherNonOperatingIncome": "73000000",
            "depreciation": "None",
            "depreciationAndAmortization": "1446000000",
            "incomeBeforeTax": "1883000000",
            "incomeTaxExpense": "289000000",
            "interestAndDebtExpense": "None",
            "netIncomeFromContinuingOperations": "1594000000",
            "comprehensiveIncomeNetOfTax": "None",
            "ebit": "2093000000",
            "ebitda": "3539000000",
            "netIncome": "1591000000"
        },
        {
            "fiscalDateEnding": "2018-12-31",
            "reportedCurrency": "USD",
            "grossProfit": "10687000000",
            "totalRevenue": "21760000000",
            "costOfRevenue": "11073000000",
            "costofGoodsAndServicesSold": "11073000000",
            "operatingIncome": "4824000000",
            "sellingGeneralAndAdministrative": "4248000000",
            "researchAndDevelopment": "1358000000",
            "operatingExpenses": "5863000000",
            "investmentIncomeNet": "None",
            "netInterestIncome": "None",
            "interestIncome": "None",
            "interestExpense": "193000000",
            "nonInterestIncome": "None",
            "otherNonOperatingIncome": "-184000000",
            "depreciation": "None",
            "depreciationAndAmortization": "1112000000",
            "incomeBeforeTax": "4434000000",
            "incomeTaxExpense": "2481000000",
            "interestAndDebtExpense": "None",
            "netIncomeFromContinuingOperations": "1952000000",
            "comprehensiveIncomeNetOfTax": "None",
            "ebit": "4627000000",
            "ebitda": "5739000000",
            "netIncome": "1951000000"
        },
        {
            "fiscalDateEnding": "2018-09-30",
            "reportedCurrency": "USD",
            "grossProfit": "8803000000",
            "totalRevenue": "18756000000",
            "costOfRevenue": "9953000000",
            "costofGoodsAndServicesSold": "9953000000",
            "operatingIncome": "3467000000",
            "sellingGeneralAndAdministrative": "3926000000",
            "researchAndDevelopment": "1252000000",
            "operatingExpenses": "5336000000",
            "investmentIncomeNet": "None",
            "netInterestIncome": "None",
            "interestIncome": "None",
            "interestExpense": "191000000",
            "nonInterestIncome": "None",
            "otherNonOperatingIncome": "-275000000",
            "depreciation": "None",
            "depreciationAndAmortization": "1138000000",
            "incomeBeforeTax": "2996000000",
            "incomeTaxExpense": "304000000",
            "interestAndDebtExpense": "None",
            "netIncomeFromContinuingOperations": "2692000000",
            "comprehensiveIncomeNetOfTax": "None",
            "ebit": "3187000000",
            "ebitda": "4325000000",
            "netIncome": "2694000000"
        },
        {
            "fiscalDateEnding": "2018-06-30",
            "reportedCurrency": "USD",
            "grossProfit": "9199000000",
            "totalRevenue": "20003000000",
            "costOfRevenue": "10804000000",
            "costofGoodsAndServicesSold": "10804000000",
            "operatingIncome": "3268000000",
            "sellingGeneralAndAdministrative": "4301000000",
            "researchAndDevelopment": "1364000000",
            "operatingExpenses": "5931000000",
            "investmentIncomeNet": "None",
            "netInterestIncome": "None",
            "interestIncome": "None",
            "interestExpense": "173000000",
            "nonInterestIncome": "None",
            "otherNonOperatingIncome": "-280000000",
            "depreciation": "None",
            "depreciationAndAmortization": "1116000000",
            "incomeBeforeTax": "2776000000",
            "incomeTaxExpense": "373000000",
            "interestAndDebtExpense": "None",
            "netIncomeFromContinuingOperations": "2403000000",
            "comprehensiveIncomeNetOfTax": "None",
            "ebit": "2949000000",
            "ebitda": "4065000000",
            "netIncome": "2403000000"
        },
        {
            "fiscalDateEnding": "2018-03-31",
            "reportedCurrency": "USD",
            "grossProfit": "8247000000",
            "totalRevenue": "19071000000",
            "costOfRevenue": "10825000000",
            "costofGoodsAndServicesSold": "10825000000",
            "operatingIncome": "1727000000",
            "sellingGeneralAndAdministrative": "4921000000",
            "researchAndDevelopment": "1405000000",
            "operatingExpenses": "6519000000",
            "investmentIncomeNet": "None",
            "netInterestIncome": "None",
            "interestIncome": "None",
            "interestExpense": "165000000",
            "nonInterestIncome": "None",
            "otherNonOperatingIncome": "-413000000",
            "depreciation": "None",
            "depreciationAndAmortization": "1114000000",
            "incomeBeforeTax": "1136000000",
            "incomeTaxExpense": "-540000000",
            "interestAndDebtExpense": "None",
            "netIncomeFromContinuingOperations": "1676000000",
            "comprehensiveIncomeNetOfTax": "None",
            "ebit": "1301000000",
            "ebitda": "2415000000",
            "netIncome": "1679000000"
        },
        {
            "fiscalDateEnding": "2017-12-31",
            "reportedCurrency": "USD",
            "grossProfit": "10862000000",
            "totalRevenue": "22543000000",
            "costOfRevenue": "11681000000",
            "costofGoodsAndServicesSold": "11681000000",
            "operatingIncome": "4652000000",
            "sellingGeneralAndAdministrative": "4662000000",
            "researchAndDevelopment": "1427000000",
            "operatingExpenses": "6210000000",
            "investmentIncomeNet": "None",
            "netInterestIncome": "None",
            "interestIncome": "None",
            "interestExpense": "164000000",
            "nonInterestIncome": "None",
            "otherNonOperatingIncome": "-2000000",
            "depreciation": "None",
            "depreciationAndAmortization": "1149000000",
            "incomeBeforeTax": "4469000000",
            "incomeTaxExpense": "5522000000",
            "interestAndDebtExpense": "None",
            "netIncomeFromContinuingOperations": "-1053000000",
            "comprehensiveIncomeNetOfTax": "None",
            "ebit": "4633000000",
            "ebitda": "5782000000",
            "netIncome": "-1055000000"
        },
        {
            "fiscalDateEnding": "2017-09-30",
            "reportedCurrency": "USD",
            "grossProfit": "8981000000",
            "totalRevenue": "19153000000",
            "costOfRevenue": "10172000000",
            "costofGoodsAndServicesSold": "10172000000",
            "operatingIncome": "3399000000",
            "sellingGeneralAndAdministrative": "4137000000",
            "researchAndDevelopment": "1291000000",
            "operatingExpenses": "5582000000",
            "investmentIncomeNet": "None",
            "netInterestIncome": "None",
            "interestIncome": "None",
            "interestExpense": "168000000",
            "nonInterestIncome": "None",
            "otherNonOperatingIncome": "114000000",
            "depreciation": "None",
            "depreciationAndAmortization": "1176000000",
            "incomeBeforeTax": "3065000000",
            "incomeTaxExpense": "339000000",
            "interestAndDebtExpense": "None",
            "netIncomeFromContinuingOperations": "2726000000",
            "comprehensiveIncomeNetOfTax": "None",
            "ebit": "3233000000",
            "ebitda": "4409000000",
            "netIncome": "2726000000"
        },
        {
            "fiscalDateEnding": "2017-06-30",
            "reportedCurrency": "USD",
            "grossProfit": "8968000000",
            "totalRevenue": "19289000000",
            "costOfRevenue": "10321000000",
            "costofGoodsAndServicesSold": "10321000000",
            "operatingIncome": "2881000000",
            "sellingGeneralAndAdministrative": "4499000000",
            "researchAndDevelopment": "1436000000",
            "operatingExpenses": "6087000000",
            "investmentIncomeNet": "None",
            "netInterestIncome": "None",
            "interestIncome": "None",
            "interestExpense": "147000000",
            "nonInterestIncome": "None",
            "otherNonOperatingIncome": "76000000",
            "depreciation": "None",
            "depreciationAndAmortization": "1117000000",
            "incomeBeforeTax": "2443000000",
            "incomeTaxExpense": "111000000",
            "interestAndDebtExpense": "None",
            "netIncomeFromContinuingOperations": "2332000000",
            "comprehensiveIncomeNetOfTax": "None",
            "ebit": "2590000000",
            "ebitda": "3707000000",
            "netIncome": "2331000000"
        },
        {
            "fiscalDateEnding": "2017-03-31",
            "reportedCurrency": "USD",
            "grossProfit": "7944000000",
            "totalRevenue": "18155000000",
            "costOfRevenue": "10211000000",
            "costofGoodsAndServicesSold": "10211000000",
            "operatingIncome": "1894000000",
            "sellingGeneralAndAdministrative": "4518000000",
            "researchAndDevelopment": "1484000000",
            "operatingExpenses": "6050000000",
            "investmentIncomeNet": "None",
            "netInterestIncome": "None",
            "interestIncome": "None",
            "interestExpense": "135000000",
            "nonInterestIncome": "None",
            "otherNonOperatingIncome": "28000000",
            "depreciation": "None",
            "depreciationAndAmortization": "1099000000",
            "incomeBeforeTax": "1424000000",
            "incomeTaxExpense": "-329000000",
            "interestAndDebtExpense": "None",
            "netIncomeFromContinuingOperations": "1753000000",
            "comprehensiveIncomeNetOfTax": "None",
            "ebit": "1559000000",
            "ebitda": "2658000000",
            "netIncome": "1750000000"
        },
        {
            "fiscalDateEnding": "2016-12-31",
            "reportedCurrency": "USD",
            "grossProfit": "10893000000",
            "totalRevenue": "21771000000",
            "costOfRevenue": "10877000000",
            "costofGoodsAndServicesSold": "10877000000",
            "operatingIncome": "5004000000",
            "sellingGeneralAndAdministrative": "4571000000",
            "researchAndDevelopment": "1431000000",
            "operatingExpenses": "5890000000",
            "investmentIncomeNet": "None",
            "netInterestIncome": "None",
            "interestIncome": "None",
            "interestExpense": "157000000",
            "nonInterestIncome": "None",
            "otherNonOperatingIncome": "137000000",
            "depreciation": "None",
            "depreciationAndAmortization": "1127000000",
            "incomeBeforeTax": "4985000000",
            "incomeTaxExpense": "480000000",
            "interestAndDebtExpense": "None",
            "netIncomeFromContinuingOperations": "4506000000",
            "comprehensiveIncomeNetOfTax": "None",
            "ebit": "5142000000",
            "ebitda": "6269000000",
            "netIncome": "4501000000"
        },
        {
            "fiscalDateEnding": "2016-09-30",
            "reportedCurrency": "USD",
            "grossProfit": "9013000000",
            "totalRevenue": "19227000000",
            "costOfRevenue": "10213000000",
            "costofGoodsAndServicesSold": "10213000000",
            "operatingIncome": "3380000000",
            "sellingGeneralAndAdministrative": "4287000000",
            "researchAndDevelopment": "1397000000",
            "operatingExpenses": "5634000000",
            "investmentIncomeNet": "None",
            "netInterestIncome": "None",
            "interestIncome": "None",
            "interestExpense": "158000000",
            "nonInterestIncome": "None",
            "otherNonOperatingIncome": "8000000",
            "depreciation": "None",
            "depreciationAndAmortization": "1127000000",
            "incomeBeforeTax": "3263000000",
            "incomeTaxExpense": "409000000",
            "interestAndDebtExpense": "None",
            "netIncomeFromContinuingOperations": "2854000000",
            "comprehensiveIncomeNetOfTax": "None",
            "ebit": "3421000000",
            "ebitda": "4548000000",
            "netIncome": "2853000000"
        },
        {
            "fiscalDateEnding": "2016-06-30",
            "reportedCurrency": "USD",
            "grossProfit": "9702000000",
            "totalRevenue": "20239000000",
            "costOfRevenue": "10536000000",
            "costofGoodsAndServicesSold": "10536000000",
            "operatingIncome": "3279000000",
            "sellingGeneralAndAdministrative": "4826000000",
            "researchAndDevelopment": "1465000000",
            "operatingExpenses": "6424000000",
            "investmentIncomeNet": "None",
            "netInterestIncome": "None",
            "interestIncome": "None",
            "interestExpense": "167000000",
            "nonInterestIncome": "None",
            "otherNonOperatingIncome": "-37000000",
            "depreciation": "None",
            "depreciationAndAmortization": "1103000000",
            "incomeBeforeTax": "3049000000",
            "incomeTaxExpense": "544000000",
            "interestAndDebtExpense": "None",
            "netIncomeFromContinuingOperations": "2505000000",
            "comprehensiveIncomeNetOfTax": "None",
            "ebit": "3216000000",
            "ebitda": "4319000000",
            "netIncome": "2505000000"
        },
        {
            "fiscalDateEnding": "2016-03-31",
            "reportedCurrency": "USD",
            "grossProfit": "8686000000",
            "totalRevenue": "18684000000",
            "costOfRevenue": "9999000000",
            "costofGoodsAndServicesSold": "9999000000",
            "operatingIncome": "1530000000",
            "sellingGeneralAndAdministrative": "5468000000",
            "researchAndDevelopment": "1458000000",
            "operatingExpenses": "7155000000",
            "investmentIncomeNet": "None",
            "netInterestIncome": "None",
            "interestIncome": "None",
            "interestExpense": "147000000",
            "nonInterestIncome": "None",
            "otherNonOperatingIncome": "-253000000",
            "depreciation": "None",
            "depreciationAndAmortization": "1024000000",
            "incomeBeforeTax": "1034000000",
            "incomeTaxExpense": "-983000000",
            "interestAndDebtExpense": "None",
            "netIncomeFromContinuingOperations": "2016000000",
            "comprehensiveIncomeNetOfTax": "None",
            "ebit": "1181000000",
            "ebitda": "2205000000",
            "netIncome": "2013000000"
        },
        {
            "fiscalDateEnding": "2015-12-31",
            "reportedCurrency": "USD",
            "grossProfit": "11406000000",
            "totalRevenue": "22060000000",
            "costOfRevenue": "10652000000",
            "costofGoodsAndServicesSold": "10652000000",
            "operatingIncome": "5127000000",
            "sellingGeneralAndAdministrative": "4708000000",
            "researchAndDevelopment": "1362000000",
            "operatingExpenses": "6281000000",
            "investmentIncomeNet": "None",
            "netInterestIncome": "None",
            "interestIncome": "None",
            "interestExpense": "128000000",
            "nonInterestIncome": "None",
            "otherNonOperatingIncome": "147000000",
            "depreciation": "None",
            "depreciationAndAmortization": "990000000",
            "incomeBeforeTax": "5099000000",
            "incomeTaxExpense": "638000000",
            "interestAndDebtExpense": "None",
            "netIncomeFromContinuingOperations": "4461000000",
            "comprehensiveIncomeNetOfTax": "None",
            "ebit": "5227000000",
            "ebitda": "6217000000",
            "netIncome": "4462000000"
        },
        {
            "fiscalDateEnding": "2015-09-30",
            "reportedCurrency": "USD",
            "grossProfit": "9436000000",
            "totalRevenue": "19280000000",
            "costOfRevenue": "9844000000",
            "costofGoodsAndServicesSold": "9844000000",
            "operatingIncome": "3631000000",
            "sellingGeneralAndAdministrative": "4318000000",
            "researchAndDevelopment": "1287000000",
            "operatingExpenses": "5805000000",
            "investmentIncomeNet": "None",
            "netInterestIncome": "None",
            "interestIncome": "None",
            "interestExpense": "117000000",
            "nonInterestIncome": "None",
            "otherNonOperatingIncome": "133000000",
            "depreciation": "None",
            "depreciationAndAmortization": "936000000",
            "incomeBeforeTax": "3621000000",
            "incomeTaxExpense": "659000000",
            "interestAndDebtExpense": "None",
            "netIncomeFromContinuingOperations": "2962000000",
            "comprehensiveIncomeNetOfTax": "None",
            "ebit": "3738000000",
            "ebitda": "4674000000",
            "netIncome": "2950000000"
        },
        {
            "fiscalDateEnding": "2015-06-30",
            "reportedCurrency": "USD",
            "grossProfit": "10390000000",
            "totalRevenue": "20814000000",
            "costOfRevenue": "10423000000",
            "costofGoodsAndServicesSold": "10423000000",
            "operatingIncome": "4112000000",
            "sellingGeneralAndAdministrative": "4693000000",
            "researchAndDevelopment": "1300000000",
            "operatingExpenses": "6279000000",
            "investmentIncomeNet": "None",
            "netInterestIncome": "None",
            "interestIncome": "None",
            "interestExpense": "115000000",
            "nonInterestIncome": "None",
            "otherNonOperatingIncome": "301000000",
            "depreciation": "None",
            "depreciationAndAmortization": "961000000",
            "incomeBeforeTax": "4224000000",
            "incomeTaxExpense": "698000000",
            "interestAndDebtExpense": "None",
            "netIncomeFromContinuingOperations": "3526000000",
            "comprehensiveIncomeNetOfTax": "None",
            "ebit": "4339000000",
            "ebitda": "5300000000",
            "netIncome": "3449000000"
        },
        {
            "fiscalDateEnding": "2015-03-31",
            "reportedCurrency": "USD",
            "grossProfit": "9452000000",
            "totalRevenue": "19590000000",
            "costOfRevenue": "10138000000",
            "costofGoodsAndServicesSold": "10138000000",
            "operatingIncome": "3048000000",
            "sellingGeneralAndAdministrative": "4887000000",
            "researchAndDevelopment": "1298000000",
            "operatingExpenses": "6404000000",
            "investmentIncomeNet": "None",
            "netInterestIncome": "None",
            "interestIncome": "None",
            "interestExpense": "108000000",
            "nonInterestIncome": "None",
            "otherNonOperatingIncome": "143000000",
            "depreciation": "None",
            "depreciationAndAmortization": "968000000",
            "incomeBeforeTax": "3001000000",
            "incomeTaxExpense": "585000000",
            "interestAndDebtExpense": "None",
            "netIncomeFromContinuingOperations": "2415000000",
            "comprehensiveIncomeNetOfTax": "None",
            "ebit": "3109000000",
            "ebitda": "4077000000",
            "netIncome": "2327000000"
        },
        {
            "fiscalDateEnding": "2014-12-31",
            "reportedCurrency": "USD",
            "grossProfit": "12862000000",
            "totalRevenue": "24113000000",
            "costOfRevenue": "11251000000",
            "costofGoodsAndServicesSold": "11251000000",
            "operatingIncome": "5817000000",
            "sellingGeneralAndAdministrative": "5515000000",
            "researchAndDevelopment": "1320000000",
            "operatingExpenses": "7045000000",
            "investmentIncomeNet": "None",
            "netInterestIncome": "None",
            "interestIncome": "None",
            "interestExpense": "117000000",
            "nonInterestIncome": "None",
            "otherNonOperatingIncome": "1508000000",
            "depreciation": "None",
            "depreciationAndAmortization": "1046000000",
            "incomeBeforeTax": "7095000000",
            "incomeTaxExpense": "1579000000",
            "interestAndDebtExpense": "None",
            "netIncomeFromContinuingOperations": "5775000000",
            "comprehensiveIncomeNetOfTax": "None",
            "ebit": "7212000000",
            "ebitda": "8258000000",
            "netIncome": "5483000000"
        },
        {
            "fiscalDateEnding": "2014-09-30",
            "reportedCurrency": "USD",
            "grossProfit": "10874000000",
            "totalRevenue": "22397000000",
            "costOfRevenue": "11523000000",
            "costofGoodsAndServicesSold": "11523000000",
            "operatingIncome": "4485000000",
            "sellingGeneralAndAdministrative": "4778000000",
            "researchAndDevelopment": "1354000000",
            "operatingExpenses": "6389000000",
            "investmentIncomeNet": "None",
            "netInterestIncome": "None",
            "interestIncome": "None",
            "interestExpense": "126000000",
            "nonInterestIncome": "None",
            "otherNonOperatingIncome": "103000000",
            "depreciation": "None",
            "depreciationAndAmortization": "1139000000",
            "incomeBeforeTax": "4361000000",
            "incomeTaxExpense": "906000000",
            "interestAndDebtExpense": "None",
            "netIncomeFromContinuingOperations": "3455000000",
            "comprehensiveIncomeNetOfTax": "None",
            "ebit": "4487000000",
            "ebitda": "5626000000",
            "netIncome": "18000000"
        },
        {
            "fiscalDateEnding": "2014-06-30",
            "reportedCurrency": "USD",
            "grossProfit": "12044000000",
            "totalRevenue": "24047000000",
            "costOfRevenue": "12003000000",
            "costofGoodsAndServicesSold": "12003000000",
            "operatingIncome": "5348000000",
            "sellingGeneralAndAdministrative": "5085000000",
            "researchAndDevelopment": "1361000000",
            "operatingExpenses": "6696000000",
            "investmentIncomeNet": "None",
            "netInterestIncome": "None",
            "interestIncome": "None",
            "interestExpense": "136000000",
            "nonInterestIncome": "None",
            "otherNonOperatingIncome": "201000000",
            "depreciation": "None",
            "depreciationAndAmortization": "1166000000",
            "incomeBeforeTax": "5348000000",
            "incomeTaxExpense": "1096000000",
            "interestAndDebtExpense": "None",
            "netIncomeFromContinuingOperations": "4137000000",
            "comprehensiveIncomeNetOfTax": "None",
            "ebit": "5484000000",
            "ebitda": "6650000000",
            "netIncome": "4136000000"
        },
        {
            "fiscalDateEnding": "2014-03-31",
            "reportedCurrency": "USD",
            "grossProfit": "10627000000",
            "totalRevenue": "22236000000",
            "costOfRevenue": "11608000000",
            "costofGoodsAndServicesSold": "11608000000",
            "operatingIncome": "3215000000",
            "sellingGeneralAndAdministrative": "5787000000",
            "researchAndDevelopment": "1402000000",
            "operatingExpenses": "7413000000",
            "investmentIncomeNet": "None",
            "netInterestIncome": "None",
            "interestIncome": "None",
            "interestExpense": "105000000",
            "nonInterestIncome": "None",
            "otherNonOperatingIncome": "126000000",
            "depreciation": "None",
            "depreciationAndAmortization": "1141000000",
            "incomeBeforeTax": "3183000000",
            "incomeTaxExpense": "653000000",
            "interestAndDebtExpense": "None",
            "netIncomeFromContinuingOperations": "2384000000",
            "comprehensiveIncomeNetOfTax": "None",
            "ebit": "3288000000",
            "ebitda": "4429000000",
            "netIncome": "2384000000"
        },
        {
            "fiscalDateEnding": "2013-12-31",
            "reportedCurrency": "USD",
            "grossProfit": "14316000000",
            "totalRevenue": "27699000000",
            "costOfRevenue": "13383000000",
            "costofGoodsAndServicesSold": "13383000000",
            "operatingIncome": "7042000000",
            "sellingGeneralAndAdministrative": "5494000000",
            "researchAndDevelopment": "1565000000",
            "operatingExpenses": "7274000000",
            "investmentIncomeNet": "None",
            "netInterestIncome": "None",
            "interestIncome": "None",
            "interestExpense": "113000000",
            "nonInterestIncome": "None",
            "otherNonOperatingIncome": "114000000",
            "depreciation": "None",
            "depreciationAndAmortization": "1214000000",
            "incomeBeforeTax": "6962000000",
            "incomeTaxExpense": "778000000",
            "interestAndDebtExpense": "None",
            "netIncomeFromContinuingOperations": "6185000000",
            "comprehensiveIncomeNetOfTax": "None",
            "ebit": "7075000000",
            "ebitda": "8289000000",
            "netIncome": "6184000000"
        },
        {
            "fiscalDateEnding": "2013-09-30",
            "reportedCurrency": "USD",
            "grossProfit": "11429000000",
            "totalRevenue": "23338000000",
            "costOfRevenue": "11908000000",
            "costofGoodsAndServicesSold": "11908000000",
            "operatingIncome": "5034000000",
            "sellingGeneralAndAdministrative": "4830000000",
            "researchAndDevelopment": "1356000000",
            "operatingExpenses": "6396000000",
            "investmentIncomeNet": "None",
            "netInterestIncome": "None",
            "interestIncome": "None",
            "interestExpense": "97000000",
            "nonInterestIncome": "None",
            "otherNonOperatingIncome": "62000000",
            "depreciation": "None",
            "depreciationAndAmortization": "1175000000",
            "incomeBeforeTax": "4972000000",
            "incomeTaxExpense": "832000000",
            "interestAndDebtExpense": "None",
            "netIncomeFromContinuingOperations": "4040000000",
            "comprehensiveIncomeNetOfTax": "None",
            "ebit": "5069000000",
            "ebitda": "6244000000",
            "netIncome": "4041000000"
        },
        {
            "fiscalDateEnding": "2013-06-30",
            "reportedCurrency": "USD",
            "grossProfit": "12132000000",
            "totalRevenue": "24924000000",
            "costOfRevenue": "12792000000",
            "costofGoodsAndServicesSold": "12792000000",
            "operatingIncome": "4175000000",
            "sellingGeneralAndAdministrative": "6220000000",
            "researchAndDevelopment": "1548000000",
            "operatingExpenses": "7957000000",
            "investmentIncomeNet": "None",
            "netInterestIncome": "None",
            "interestIncome": "None",
            "interestExpense": "98000000",
            "nonInterestIncome": "None",
            "otherNonOperatingIncome": "91000000",
            "depreciation": "None",
            "depreciationAndAmortization": "1136000000",
            "incomeBeforeTax": "4144000000",
            "incomeTaxExpense": "918000000",
            "interestAndDebtExpense": "None",
            "netIncomeFromContinuingOperations": "3226000000",
            "comprehensiveIncomeNetOfTax": "None",
            "ebit": "4242000000",
            "ebitda": "5378000000",
            "netIncome": "3226000000"
        },
        {
            "fiscalDateEnding": "2013-03-31",
            "reportedCurrency": "USD",
            "grossProfit": "10678000000",
            "totalRevenue": "23408000000",
            "costOfRevenue": "12730000000",
            "costofGoodsAndServicesSold": "12730000000",
            "operatingIncome": "3662000000",
            "sellingGeneralAndAdministrative": "5142000000",
            "researchAndDevelopment": "1644000000",
            "operatingExpenses": "7016000000",
            "investmentIncomeNet": "None",
            "netInterestIncome": "None",
            "interestIncome": "None",
            "interestExpense": "94000000",
            "nonInterestIncome": "None",
            "otherNonOperatingIncome": "60000000",
            "depreciation": "None",
            "depreciationAndAmortization": "1153000000",
            "incomeBeforeTax": "3606000000",
            "incomeTaxExpense": "574000000",
            "interestAndDebtExpense": "None",
            "netIncomeFromContinuingOperations": "3032000000",
            "comprehensiveIncomeNetOfTax": "None",
            "ebit": "3700000000",
            "ebitda": "4853000000",
            "netIncome": "3032000000"
        },
        {
            "fiscalDateEnding": "2012-12-31",
            "reportedCurrency": "USD",
            "grossProfit": "15167000000",
            "totalRevenue": "29304000000",
            "costOfRevenue": "14137000000",
            "costofGoodsAndServicesSold": "14137000000",
            "operatingIncome": "8790000000",
            "sellingGeneralAndAdministrative": "5463000000",
            "researchAndDevelopment": "1580000000",
            "operatingExpenses": "6377000000",
            "investmentIncomeNet": "None",
            "netInterestIncome": "None",
            "interestIncome": "None",
            "interestExpense": "109000000",
            "nonInterestIncome": "None",
            "otherNonOperatingIncome": "47000000",
            "depreciation": "None",
            "depreciationAndAmortization": "1152000000",
            "incomeBeforeTax": "7831000000",
            "incomeTaxExpense": "1998000000",
            "interestAndDebtExpense": "None",
            "netIncomeFromContinuingOperations": "5833000000",
            "comprehensiveIncomeNetOfTax": "None",
            "ebit": "7940000000",
            "ebitda": "9092000000",
            "netIncome": "5833000000"
        },
        {
            "fiscalDateEnding": "2012-09-30",
            "reportedCurrency": "USD",
            "grossProfit": "11732000000",
            "totalRevenue": "24747000000",
            "costOfRevenue": "13016000000",
            "costofGoodsAndServicesSold": "13016000000",
            "operatingIncome": "4608000000",
            "sellingGeneralAndAdministrative": "5480000000",
            "researchAndDevelopment": "1534000000",
            "operatingExpenses": "7123000000",
            "investmentIncomeNet": "None",
            "netInterestIncome": "None",
            "interestIncome": "None",
            "interestExpense": "124000000",
            "nonInterestIncome": "None",
            "otherNonOperatingIncome": "606000000",
            "depreciation": "None",
            "depreciationAndAmortization": "1191000000",
            "incomeBeforeTax": "5074000000",
            "incomeTaxExpense": "1251000000",
            "interestAndDebtExpense": "None",
            "netIncomeFromContinuingOperations": "3823000000",
            "comprehensiveIncomeNetOfTax": "None",
            "ebit": "5198000000",
            "ebitda": "6389000000",
            "netIncome": "3824000000"
        },
        {
            "fiscalDateEnding": "2012-06-30",
            "reportedCurrency": "USD",
            "grossProfit": "12281000000",
            "totalRevenue": "25782000000",
            "costOfRevenue": "13502000000",
            "costofGoodsAndServicesSold": "13502000000",
            "operatingIncome": "5149000000",
            "sellingGeneralAndAdministrative": "5409000000",
            "researchAndDevelopment": "1587000000",
            "operatingExpenses": "7131000000",
            "investmentIncomeNet": "None",
            "netInterestIncome": "None",
            "interestIncome": "None",
            "interestExpense": "117000000",
            "nonInterestIncome": "None",
            "otherNonOperatingIncome": "132000000",
            "depreciation": "None",
            "depreciationAndAmortization": "1176000000",
            "incomeBeforeTax": "5161000000",
            "incomeTaxExpense": "1280000000",
            "interestAndDebtExpense": "None",
            "netIncomeFromContinuingOperations": "3881000000",
            "comprehensiveIncomeNetOfTax": "None",
            "ebit": "5278000000",
            "ebitda": "6454000000",
            "netIncome": "3881000000"
        },
        {
            "fiscalDateEnding": "2012-03-31",
            "reportedCurrency": "USD",
            "grossProfit": "11118000000",
            "totalRevenue": "24673000000",
            "costOfRevenue": "13555000000",
            "costofGoodsAndServicesSold": "13555000000",
            "operatingIncome": "3894000000",
            "sellingGeneralAndAdministrative": "5484000000",
            "researchAndDevelopment": "1601000000",
            "operatingExpenses": "7224000000",
            "investmentIncomeNet": "None",
            "netInterestIncome": "None",
            "interestIncome": "None",
            "interestExpense": "110000000",
            "nonInterestIncome": "None",
            "otherNonOperatingIncome": "58000000",
            "depreciation": "None",
            "depreciationAndAmortization": "1157000000",
            "incomeBeforeTax": "3836000000",
            "incomeTaxExpense": "769000000",
            "interestAndDebtExpense": "None",
            "netIncomeFromContinuingOperations": "3067000000",
            "comprehensiveIncomeNetOfTax": "None",
            "ebit": "3946000000",
            "ebitda": "5103000000",
            "netIncome": "3066000000"
        },
        {
            "fiscalDateEnding": "2011-12-31",
            "reportedCurrency": "USD",
            "grossProfit": "14722000000",
            "totalRevenue": "29486000000",
            "costOfRevenue": "14764000000",
            "costofGoodsAndServicesSold": "14764000000",
            "operatingIncome": "7091000000",
            "sellingGeneralAndAdministrative": "5570000000",
            "researchAndDevelopment": "1555000000",
            "operatingExpenses": "7631000000",
            "investmentIncomeNet": "None",
            "netInterestIncome": "None",
            "interestIncome": "None",
            "interestExpense": "113000000",
            "nonInterestIncome": "None",
            "otherNonOperatingIncome": "43000000",
            "depreciation": "None",
            "depreciationAndAmortization": "1188000000",
            "incomeBeforeTax": "7274000000",
            "incomeTaxExpense": "1784000000",
            "interestAndDebtExpense": "None",
            "netIncomeFromContinuingOperations": "5489000000",
            "comprehensiveIncomeNetOfTax": "None",
            "ebit": "7387000000",
            "ebitda": "8575000000",
            "netIncome": "5490000000"
        },
        {
            "fiscalDateEnding": "2011-09-30",
            "reportedCurrency": "USD",
            "grossProfit": "12173000000",
            "totalRevenue": "26157000000",
            "costOfRevenue": "13984000000",
            "costofGoodsAndServicesSold": "13984000000",
            "operatingIncome": "4966000000",
            "sellingGeneralAndAdministrative": "5247000000",
            "researchAndDevelopment": "1546000000",
            "operatingExpenses": "7207000000",
            "investmentIncomeNet": "None",
            "netInterestIncome": "None",
            "interestIncome": "None",
            "interestExpense": "107000000",
            "nonInterestIncome": "None",
            "otherNonOperatingIncome": "-128000000",
            "depreciation": "None",
            "depreciationAndAmortization": "1192000000",
            "incomeBeforeTax": "5027000000",
            "incomeTaxExpense": "1188000000",
            "interestAndDebtExpense": "None",
            "netIncomeFromContinuingOperations": "3839000000",
            "comprehensiveIncomeNetOfTax": "None",
            "ebit": "5134000000",
            "ebitda": "6326000000",
            "netIncome": "3839000000"
        },
        {
            "fiscalDateEnding": "2011-06-30",
            "reportedCurrency": "USD",
            "grossProfit": "12385000000",
            "totalRevenue": "26667000000",
            "costOfRevenue": "14282000000",
            "costofGoodsAndServicesSold": "14282000000",
            "operatingIncome": "4785000000",
            "sellingGeneralAndAdministrative": "5585000000",
            "researchAndDevelopment": "1569000000",
            "operatingExpenses": "7600000000",
            "investmentIncomeNet": "None",
            "netInterestIncome": "None",
            "interestIncome": "None",
            "interestExpense": "97000000",
            "nonInterestIncome": "None",
            "otherNonOperatingIncome": "-97000000",
            "depreciation": "None",
            "depreciationAndAmortization": "1207000000",
            "incomeBeforeTax": "4885000000",
            "incomeTaxExpense": "1221000000",
            "interestAndDebtExpense": "None",
            "netIncomeFromContinuingOperations": "3664000000",
            "comprehensiveIncomeNetOfTax": "None",
            "ebit": "4982000000",
            "ebitda": "6189000000",
            "netIncome": "3664000000"
        },
        {
            "fiscalDateEnding": "2011-03-31",
            "reportedCurrency": "USD",
            "grossProfit": "10858000000",
            "totalRevenue": "24607000000",
            "costOfRevenue": "13749000000",
            "costofGoodsAndServicesSold": "13749000000",
            "operatingIncome": "3433000000",
            "sellingGeneralAndAdministrative": "5442000000",
            "researchAndDevelopment": "1587000000",
            "operatingExpenses": "7425000000",
            "investmentIncomeNet": "None",
            "netInterestIncome": "None",
            "interestIncome": "None",
            "interestExpense": "93000000",
            "nonInterestIncome": "None",
            "otherNonOperatingIncome": "202000000",
            "depreciation": "None",
            "depreciationAndAmortization": "1228000000",
            "incomeBeforeTax": "3817000000",
            "incomeTaxExpense": "954000000",
            "interestAndDebtExpense": "None",
            "netIncomeFromContinuingOperations": "2863000000",
            "comprehensiveIncomeNetOfTax": "None",
            "ebit": "3910000000",
            "ebitda": "5138000000",
            "netIncome": "2863000000"
        },
        {
            "fiscalDateEnding": "2010-12-31",
            "reportedCurrency": "USD",
            "grossProfit": "14227000000",
            "totalRevenue": "29018000000",
            "costOfRevenue": "14792000000",
            "costofGoodsAndServicesSold": "14792000000",
            "operatingIncome": "6687000000",
            "sellingGeneralAndAdministrative": "5474000000",
            "researchAndDevelopment": "1578000000",
            "operatingExpenses": "7539000000",
            "investmentIncomeNet": "None",
            "netInterestIncome": "None",
            "interestIncome": "None",
            "interestExpense": "101000000",
            "nonInterestIncome": "None",
            "otherNonOperatingIncome": "41000000",
            "depreciation": "None",
            "depreciationAndAmortization": "1235000000",
            "incomeBeforeTax": "6955000000",
            "incomeTaxExpense": "1698000000",
            "interestAndDebtExpense": "None",
            "netIncomeFromContinuingOperations": "5258000000",
            "comprehensiveIncomeNetOfTax": "None",
            "ebit": "7056000000",
            "ebitda": "8291000000",
            "netIncome": "5257000000"
        },
        {
            "fiscalDateEnding": "2010-09-30",
            "reportedCurrency": "USD",
            "grossProfit": "11001000000",
            "totalRevenue": "24271000000",
            "costOfRevenue": "13270000000",
            "costofGoodsAndServicesSold": "13270000000",
            "operatingIncome": "4389000000",
            "sellingGeneralAndAdministrative": "4769000000",
            "researchAndDevelopment": "1464000000",
            "operatingExpenses": "6612000000",
            "investmentIncomeNet": "None",
            "netInterestIncome": "None",
            "interestIncome": "None",
            "interestExpense": "95000000",
            "nonInterestIncome": "None",
            "otherNonOperatingIncome": "106000000",
            "depreciation": "None",
            "depreciationAndAmortization": "1203000000",
            "incomeBeforeTax": "4677000000",
            "incomeTaxExpense": "1088000000",
            "interestAndDebtExpense": "None",
            "netIncomeFromContinuingOperations": "3589000000",
            "comprehensiveIncomeNetOfTax": "None",
            "ebit": "4772000000",
            "ebitda": "5975000000",
            "netIncome": "3589000000"
        },
        {
            "fiscalDateEnding": "2010-06-30",
            "reportedCurrency": "USD",
            "grossProfit": "10808000000",
            "totalRevenue": "23723000000",
            "costOfRevenue": "12915000000",
            "costofGoodsAndServicesSold": "12915000000",
            "operatingIncome": "4271000000",
            "sellingGeneralAndAdministrative": "4655000000",
            "researchAndDevelopment": "1475000000",
            "operatingExpenses": "6537000000",
            "investmentIncomeNet": "None",
            "netInterestIncome": "None",
            "interestIncome": "None",
            "interestExpense": "90000000",
            "nonInterestIncome": "None",
            "otherNonOperatingIncome": "95000000",
            "depreciation": "None",
            "depreciationAndAmortization": "1183000000",
            "incomeBeforeTax": "4575000000",
            "incomeTaxExpense": "1190000000",
            "interestAndDebtExpense": "None",
            "netIncomeFromContinuingOperations": "3385000000",
            "comprehensiveIncomeNetOfTax": "None",
            "ebit": "4665000000",
            "ebitda": "5848000000",
            "netIncome": "3386000000"
        },
        {
            "fiscalDateEnding": "2010-03-31",
            "reportedCurrency": "USD",
            "grossProfit": "9978000000",
            "totalRevenue": "22858000000",
            "costOfRevenue": "12880000000",
            "costofGoodsAndServicesSold": "12880000000",
            "operatingIncome": "2794000000",
            "sellingGeneralAndAdministrative": "5309000000",
            "researchAndDevelopment": "1509000000",
            "operatingExpenses": "7184000000",
            "investmentIncomeNet": "None",
            "netInterestIncome": "None",
            "interestIncome": "None",
            "interestExpense": "101000000",
            "nonInterestIncome": "None",
            "otherNonOperatingIncome": "545000000",
            "depreciation": "None",
            "depreciationAndAmortization": "1210000000",
            "incomeBeforeTax": "3515000000",
            "incomeTaxExpense": "914000000",
            "interestAndDebtExpense": "None",
            "netIncomeFromContinuingOperations": "2601000000",
            "comprehensiveIncomeNetOfTax": "None",
            "ebit": "3616000000",
            "ebitda": "4826000000",
            "netIncome": "2601000000"
        },
        {
            "fiscalDateEnding": "2009-12-31",
            "reportedCurrency": "USD",
            "grossProfit": "13145000000",
            "totalRevenue": "27230000000",
            "costOfRevenue": "14085000000",
            "costofGoodsAndServicesSold": "14085000000",
            "operatingIncome": "6027000000",
            "sellingGeneralAndAdministrative": "5103000000",
            "researchAndDevelopment": "1460000000",
            "operatingExpenses": "7118000000",
            "investmentIncomeNet": "None",
            "netInterestIncome": "None",
            "interestIncome": "None",
            "interestExpense": "81000000",
            "nonInterestIncome": "None",
            "otherNonOperatingIncome": "None",
            "depreciation": "None",
            "depreciationAndAmortization": "1265000000",
            "incomeBeforeTax": "6381000000",
            "incomeTaxExpense": "1568000000",
            "interestAndDebtExpense": "None",
            "netIncomeFromContinuingOperations": "0",
            "comprehensiveIncomeNetOfTax": "None",
            "ebit": "6462000000",
            "ebitda": "7727000000",
            "netIncome": "4813000000"
        },
        {
            "fiscalDateEnding": "2009-09-30",
            "reportedCurrency": "USD",
            "grossProfit": "10627000000",
            "totalRevenue": "23566000000",
            "costOfRevenue": "12939000000",
            "costofGoodsAndServicesSold": "12939000000",
            "operatingIncome": "4144000000",
            "sellingGeneralAndAdministrative": "4641000000",
            "researchAndDevelopment": "1446000000",
            "operatingExpenses": "6483000000",
            "investmentIncomeNet": "None",
            "netInterestIncome": "None",
            "interestIncome": "None",
            "interestExpense": "84000000",
            "nonInterestIncome": "None",
            "otherNonOperatingIncome": "None",
            "depreciation": "None",
            "depreciationAndAmortization": "1258000000",
            "incomeBeforeTax": "4373000000",
            "incomeTaxExpense": "1159000000",
            "interestAndDebtExpense": "None",
            "netIncomeFromContinuingOperations": "0",
            "comprehensiveIncomeNetOfTax": "None",
            "ebit": "4457000000",
            "ebitda": "5715000000",
            "netIncome": "3214000000"
        },
        {
            "fiscalDateEnding": "2009-06-30",
            "reportedCurrency": "USD",
            "grossProfit": "10581000000",
            "totalRevenue": "23250000000",
            "costOfRevenue": "12669000000",
            "costofGoodsAndServicesSold": "12669000000",
            "operatingIncome": "4056000000",
            "sellingGeneralAndAdministrative": "4716000000",
            "researchAndDevelopment": "1434000000",
            "operatingExpenses": "6525000000",
            "investmentIncomeNet": "None",
            "netInterestIncome": "None",
            "interestIncome": "None",
            "interestExpense": "101000000",
            "nonInterestIncome": "None",
            "otherNonOperatingIncome": "None",
            "depreciation": "None",
            "depreciationAndAmortization": "1242000000",
            "incomeBeforeTax": "4262000000",
            "incomeTaxExpense": "1159000000",
            "interestAndDebtExpense": "None",
            "netIncomeFromContinuingOperations": "0",
            "comprehensiveIncomeNetOfTax": "None",
            "ebit": "4363000000",
            "ebitda": "5605000000",
            "netIncome": "3103000000"
        },
        {
            "fiscalDateEnding": "2009-03-31",
            "reportedCurrency": "USD",
            "grossProfit": "9431000000",
            "totalRevenue": "21711000000",
            "costOfRevenue": "12280000000",
            "costofGoodsAndServicesSold": "12280000000",
            "operatingIncome": "2688000000",
            "sellingGeneralAndAdministrative": "4805000000",
            "researchAndDevelopment": "1480000000",
            "operatingExpenses": "6743000000",
            "investmentIncomeNet": "None",
            "netInterestIncome": "None",
            "interestIncome": "None",
            "interestExpense": "136000000",
            "nonInterestIncome": "None",
            "otherNonOperatingIncome": "None",
            "depreciation": "None",
            "depreciationAndAmortization": "1229000000",
            "incomeBeforeTax": "3122000000",
            "incomeTaxExpense": "827000000",
            "interestAndDebtExpense": "None",
            "netIncomeFromContinuingOperations": "0",
            "comprehensiveIncomeNetOfTax": "None",
            "ebit": "3258000000",
            "ebitda": "4487000000",
            "netIncome": "2295000000"
        },
        {
            "fiscalDateEnding": "2008-12-31",
            "reportedCurrency": "USD",
            "grossProfit": "12936000000",
            "totalRevenue": "27007000000",
            "costOfRevenue": "14071000000",
            "costofGoodsAndServicesSold": "14071000000",
            "operatingIncome": "5575000000",
            "sellingGeneralAndAdministrative": "5833000000",
            "researchAndDevelopment": "1528000000",
            "operatingExpenses": "7361000000",
            "investmentIncomeNet": "None",
            "netInterestIncome": "None",
            "interestIncome": "None",
            "interestExpense": "191000000",
            "nonInterestIncome": "None",
            "otherNonOperatingIncome": "None",
            "depreciation": "None",
            "depreciationAndAmortization": "1321000000",
            "incomeBeforeTax": "5808000000",
            "incomeTaxExpense": "1382000000",
            "interestAndDebtExpense": "None",
            "netIncomeFromContinuingOperations": "0",
            "comprehensiveIncomeNetOfTax": "None",
            "ebit": "5999000000",
            "ebitda": "7320000000",
            "netIncome": "4427000000"
        },
        {
            "fiscalDateEnding": "2008-09-30",
            "reportedCurrency": "USD",
            "grossProfit": "10959000000",
            "totalRevenue": "25302000000",
            "costOfRevenue": "14342000000",
            "costofGoodsAndServicesSold": "14342000000",
            "operatingIncome": "3864000000",
            "sellingGeneralAndAdministrative": "5126000000",
            "researchAndDevelopment": "1579000000",
            "operatingExpenses": "7096000000",
            "investmentIncomeNet": "None",
            "netInterestIncome": "None",
            "interestIncome": "None",
            "interestExpense": "159000000",
            "nonInterestIncome": "None",
            "otherNonOperatingIncome": "None",
            "depreciation": "None",
            "depreciationAndAmortization": "1379000000",
            "incomeBeforeTax": "3895000000",
            "incomeTaxExpense": "1071000000",
            "interestAndDebtExpense": "None",
            "netIncomeFromContinuingOperations": "0",
            "comprehensiveIncomeNetOfTax": "None",
            "ebit": "4054000000",
            "ebitda": "5433000000",
            "netIncome": "2824000000"
        },
        {
            "fiscalDateEnding": "2008-06-30",
            "reportedCurrency": "USD",
            "grossProfit": "11599000000",
            "totalRevenue": "26820000000",
            "costOfRevenue": "15221000000",
            "costofGoodsAndServicesSold": "15221000000",
            "operatingIncome": "3649000000",
            "sellingGeneralAndAdministrative": "5814000000",
            "researchAndDevelopment": "1660000000",
            "operatingExpenses": "7950000000",
            "investmentIncomeNet": "None",
            "netInterestIncome": "None",
            "interestIncome": "None",
            "interestExpense": "145000000",
            "nonInterestIncome": "None",
            "otherNonOperatingIncome": "None",
            "depreciation": "None",
            "depreciationAndAmortization": "1403000000",
            "incomeBeforeTax": "3814000000",
            "incomeTaxExpense": "1049000000",
            "interestAndDebtExpense": "None",
            "netIncomeFromContinuingOperations": "0",
            "comprehensiveIncomeNetOfTax": "None",
            "ebit": "3959000000",
            "ebitda": "5362000000",
            "netIncome": "2765000000"
        },
        {
            "fiscalDateEnding": "2008-03-31",
            "reportedCurrency": "USD",
            "grossProfit": "10166000000",
            "totalRevenue": "24502000000",
            "costOfRevenue": "14336000000",
            "costofGoodsAndServicesSold": "14336000000",
            "operatingIncome": "2977000000",
            "sellingGeneralAndAdministrative": "5253000000",
            "researchAndDevelopment": "1569000000",
            "operatingExpenses": "7189000000",
            "investmentIncomeNet": "None",
            "netInterestIncome": "None",
            "interestIncome": "None",
            "interestExpense": "178000000",
            "nonInterestIncome": "None",
            "otherNonOperatingIncome": "None",
            "depreciation": "None",
            "depreciationAndAmortization": "1347000000",
            "incomeBeforeTax": "3198000000",
            "incomeTaxExpense": "879000000",
            "interestAndDebtExpense": "None",
            "netIncomeFromContinuingOperations": "0",
            "comprehensiveIncomeNetOfTax": "None",
            "ebit": "3376000000",
            "ebitda": "4723000000",
            "netIncome": "2319000000"
        },
        {
            "fiscalDateEnding": "2007-12-31",
            "reportedCurrency": "USD",
            "grossProfit": "14821000000",
            "totalRevenue": "30718000000",
            "costOfRevenue": "15897000000",
            "costofGoodsAndServicesSold": "15897000000",
            "operatingIncome": "7220000000",
            "sellingGeneralAndAdministrative": "6016000000",
            "researchAndDevelopment": "1585000000",
            "operatingExpenses": "7601000000",
            "investmentIncomeNet": "None",
            "netInterestIncome": "None",
            "interestIncome": "None",
            "interestExpense": "215000000",
            "nonInterestIncome": "None",
            "otherNonOperatingIncome": "None",
            "depreciation": "None",
            "depreciationAndAmortization": "1337000000",
            "incomeBeforeTax": "5488000000",
            "incomeTaxExpense": "1537000000",
            "interestAndDebtExpense": "None",
            "netIncomeFromContinuingOperations": "0",
            "comprehensiveIncomeNetOfTax": "None",
            "ebit": "5703000000",
            "ebitda": "7040000000",
            "netIncome": "3952000000"
        },
        {
            "fiscalDateEnding": "2007-09-30",
            "reportedCurrency": "USD",
            "grossProfit": "9956000000",
            "totalRevenue": "24119000000",
            "costOfRevenue": "14163000000",
            "costofGoodsAndServicesSold": "14163000000",
            "operatingIncome": "3108000000",
            "sellingGeneralAndAdministrative": "5324000000",
            "researchAndDevelopment": "1524000000",
            "operatingExpenses": "6848000000",
            "investmentIncomeNet": "None",
            "netInterestIncome": "None",
            "interestIncome": "None",
            "interestExpense": "193000000",
            "nonInterestIncome": "None",
            "otherNonOperatingIncome": "None",
            "depreciation": "None",
            "depreciationAndAmortization": "1340000000",
            "incomeBeforeTax": "3280000000",
            "incomeTaxExpense": "918000000",
            "interestAndDebtExpense": "None",
            "netIncomeFromContinuingOperations": "0",
            "comprehensiveIncomeNetOfTax": "None",
            "ebit": "3473000000",
            "ebitda": "4813000000",
            "netIncome": "2361000000"
        },
        {
            "fiscalDateEnding": "2007-06-30",
            "reportedCurrency": "USD",
            "grossProfit": "9336000000",
            "totalRevenue": "23170000000",
            "costOfRevenue": "13834000000",
            "costofGoodsAndServicesSold": "13834000000",
            "operatingIncome": "2171000000",
            "sellingGeneralAndAdministrative": "5631000000",
            "researchAndDevelopment": "1534000000",
            "operatingExpenses": "7165000000",
            "investmentIncomeNet": "None",
            "netInterestIncome": "None",
            "interestIncome": "None",
            "interestExpense": "130000000",
            "nonInterestIncome": "None",
            "otherNonOperatingIncome": "None",
            "depreciation": "None",
            "depreciationAndAmortization": "1284000000",
            "incomeBeforeTax": "3142000000",
            "incomeTaxExpense": "881000000",
            "interestAndDebtExpense": "None",
            "netIncomeFromContinuingOperations": "0",
            "comprehensiveIncomeNetOfTax": "None",
            "ebit": "3272000000",
            "ebitda": "4556000000",
            "netIncome": "2260000000"
        },
        {
            "fiscalDateEnding": "2007-03-31",
            "reportedCurrency": "USD",
            "grossProfit": "8245000000",
            "totalRevenue": "21408000000",
            "costOfRevenue": "13163000000",
            "costofGoodsAndServicesSold": "13163000000",
            "operatingIncome": "1647000000",
            "sellingGeneralAndAdministrative": "5089000000",
            "researchAndDevelopment": "1509000000",
            "operatingExpenses": "6598000000",
            "investmentIncomeNet": "None",
            "netInterestIncome": "None",
            "interestIncome": "None",
            "interestExpense": "73000000",
            "nonInterestIncome": "None",
            "otherNonOperatingIncome": "None",
            "depreciation": "None",
            "depreciationAndAmortization": "1240000000",
            "incomeBeforeTax": "2579000000",
            "incomeTaxExpense": "735000000",
            "interestAndDebtExpense": "None",
            "netIncomeFromContinuingOperations": "0",
            "comprehensiveIncomeNetOfTax": "None",
            "ebit": "2652000000",
            "ebitda": "3892000000",
            "netIncome": "1844000000"
        },
        {
            "fiscalDateEnding": "2006-12-31",
            "reportedCurrency": "USD",
            "grossProfit": "11701000000",
            "totalRevenue": "26258000000",
            "costOfRevenue": "14556000000",
            "costofGoodsAndServicesSold": "14556000000",
            "operatingIncome": "4495000000",
            "sellingGeneralAndAdministrative": "5620000000",
            "researchAndDevelopment": "1587000000",
            "operatingExpenses": "7207000000",
            "investmentIncomeNet": "None",
            "netInterestIncome": "None",
            "interestIncome": "None",
            "interestExpense": "71000000",
            "nonInterestIncome": "None",
            "otherNonOperatingIncome": "None",
            "depreciation": "None",
            "depreciationAndAmortization": "1300000000",
            "incomeBeforeTax": "4814000000",
            "incomeTaxExpense": "1350000000",
            "interestAndDebtExpense": "None",
            "netIncomeFromContinuingOperations": "0",
            "comprehensiveIncomeNetOfTax": "None",
            "ebit": "4885000000",
            "ebitda": "6185000000",
            "netIncome": "3540000000"
        },
        {
            "fiscalDateEnding": "2006-09-30",
            "reportedCurrency": "USD",
            "grossProfit": "8901000000",
            "totalRevenue": "22026000000",
            "costOfRevenue": "13126000000",
            "costofGoodsAndServicesSold": "13126000000",
            "operatingIncome": "2236000000",
            "sellingGeneralAndAdministrative": "5121000000",
            "researchAndDevelopment": "1543000000",
            "operatingExpenses": "6664000000",
            "investmentIncomeNet": "None",
            "netInterestIncome": "None",
            "interestIncome": "None",
            "interestExpense": "70000000",
            "nonInterestIncome": "None",
            "otherNonOperatingIncome": "None",
            "depreciation": "None",
            "depreciationAndAmortization": "1228000000",
            "incomeBeforeTax": "3174000000",
            "incomeTaxExpense": "952000000",
            "interestAndDebtExpense": "None",
            "netIncomeFromContinuingOperations": "0",
            "comprehensiveIncomeNetOfTax": "None",
            "ebit": "3244000000",
            "ebitda": "4472000000",
            "netIncome": "2222000000"
        },
        {
            "fiscalDateEnding": "2006-06-30",
            "reportedCurrency": "USD",
            "grossProfit": "8434000000",
            "totalRevenue": "21310000000",
            "costOfRevenue": "12876000000",
            "costofGoodsAndServicesSold": "12876000000",
            "operatingIncome": "1996000000",
            "sellingGeneralAndAdministrative": "4916000000",
            "researchAndDevelopment": "1522000000",
            "operatingExpenses": "6438000000",
            "investmentIncomeNet": "None",
            "netInterestIncome": "None",
            "interestIncome": "None",
            "interestExpense": "72000000",
            "nonInterestIncome": "None",
            "otherNonOperatingIncome": "None",
            "depreciation": "None",
            "depreciationAndAmortization": "1247000000",
            "incomeBeforeTax": "2889000000",
            "incomeTaxExpense": "867000000",
            "interestAndDebtExpense": "None",
            "netIncomeFromContinuingOperations": "0",
            "comprehensiveIncomeNetOfTax": "None",
            "ebit": "2961000000",
            "ebitda": "4208000000",
            "netIncome": "2022000000"
        },
        {
            "fiscalDateEnding": "2006-03-31",
            "reportedCurrency": "USD",
            "grossProfit": "7505000000",
            "totalRevenue": "20076000000",
            "costOfRevenue": "12571000000",
            "costofGoodsAndServicesSold": "12571000000",
            "operatingIncome": "1447000000",
            "sellingGeneralAndAdministrative": "4602000000",
            "researchAndDevelopment": "1456000000",
            "operatingExpenses": "6058000000",
            "investmentIncomeNet": "None",
            "netInterestIncome": "None",
            "interestIncome": "None",
            "interestExpense": "66000000",
            "nonInterestIncome": "None",
            "otherNonOperatingIncome": "None",
            "depreciation": "None",
            "depreciationAndAmortization": "1208000000",
            "incomeBeforeTax": "2440000000",
            "incomeTaxExpense": "732000000",
            "interestAndDebtExpense": "None",
            "netIncomeFromContinuingOperations": "0",
            "comprehensiveIncomeNetOfTax": "None",
            "ebit": "2506000000",
            "ebitda": "3714000000",
            "netIncome": "1708000000"
        },
        {
            "fiscalDateEnding": "2005-12-31",
            "reportedCurrency": "USD",
            "grossProfit": "10765000000",
            "totalRevenue": "24427000000",
            "costOfRevenue": "13662000000",
            "costofGoodsAndServicesSold": "13662000000",
            "operatingIncome": "4054000000",
            "sellingGeneralAndAdministrative": "5252000000",
            "researchAndDevelopment": "1459000000",
            "operatingExpenses": "6711000000",
            "investmentIncomeNet": "None",
            "netInterestIncome": "None",
            "interestIncome": "None",
            "interestExpense": "189000000",
            "nonInterestIncome": "None",
            "otherNonOperatingIncome": "None",
            "depreciation": "None",
            "depreciationAndAmortization": "1329000000",
            "incomeBeforeTax": "4568000000",
            "incomeTaxExpense": "1348000000",
            "interestAndDebtExpense": "None",
            "netIncomeFromContinuingOperations": "0",
            "comprehensiveIncomeNetOfTax": "None",
            "ebit": "7124000000",
            "ebitda": "8453000000",
            "netIncome": "3187000000"
        },
        {
            "fiscalDateEnding": "2005-09-30",
            "reportedCurrency": "USD",
            "grossProfit": "8738000000",
            "totalRevenue": "21529000000",
            "costOfRevenue": "12791000000",
            "costofGoodsAndServicesSold": "12791000000",
            "operatingIncome": "2659000000",
            "sellingGeneralAndAdministrative": "4632000000",
            "researchAndDevelopment": "1447000000",
            "operatingExpenses": "6079000000",
            "investmentIncomeNet": "None",
            "netInterestIncome": "None",
            "interestIncome": "None",
            "interestExpense": "56000000",
            "nonInterestIncome": "None",
            "otherNonOperatingIncome": "None",
            "depreciation": "None",
            "depreciationAndAmortization": "1239000000",
            "incomeBeforeTax": "2915000000",
            "incomeTaxExpense": "1399000000",
            "interestAndDebtExpense": "None",
            "netIncomeFromContinuingOperations": "0",
            "comprehensiveIncomeNetOfTax": "None",
            "ebit": "2971000000",
            "ebitda": "4210000000",
            "netIncome": "1516000000"
        }
    ]
}